3125 5167
283 384 316 441 70

282 566 338 613 nos
367 548 580 613 latrunculum
607 548 781 630 posuimus,
811 551 856 614 ibi
882 551 1033 632 scripturn
1062 553 1111 616 est
1136 551 1250 633 pedud,
1276 553 1312 616 ut
1342 550 1416 619 adl

282 650 351 717 Gad
374 670 486 715 nomen
505 651 673 729 alluderet,
700 653 753 735 qui
775 654 1003 738 significantius
1025 638 1173 733 ἐΰζωνος,
1201 654 1234 717 id
1257 657 1306 719 est
1331 674 1384 719 ac·

240 832 243 843 ,
283 756 404 820 cinctus
427 756 492 821 siue
523 756 683 839 expeditus
707 758 838 840 exprimi
867 760 980 841 potest.
1033 761 1138 823 totum
1169 760 1276 823 autem
1305 758 1384 823 illud

215 898 217 907 ·
283 862 347 937 est,
373 860 452 943 qnod
477 861 670 927 anteRuben
694 864 726 925 et
746 862 909 927 dimidiam
929 861 1046 927 tribum
1066 864 1212 929 Manasso
1232 863 1272 928 ad
1294 863 1384 939 filios,
1478 897 1480 901 ·

185 1026 189 1038 ,
284 982 359 1047 quos
389 967 475 1030 trans
504 965 657 1031 Iordanen
682 966 715 1030 in
743 968 970 1049 possessionem
998 966 1174 1046 dimiserat,
1212 970 1284 1050 post
1308 966 1419 1032 XIV5

283 1086 379 1157 annos
409 1070 569 1135 reuertens
601 1069 755 1154 praelium
781 1071 932 1137 aduersus
960 1092 1013 1137 eos
1040 1072 1182 1155 gentium
1210 1072 1384 1137 uicinorum

283 1172 399 1257 grande
422 1174 592 1256 reppererit
615 1176 646 1239 et
671 1175 763 1241 uictis
791 1176 933 1241 hostibus
959 1176 1083 1242 fortiter
1105 1176 1270 1241 dimicarit
1313 1177 1383 1261 lege
1413 1250 1418 1258 ¹

251 1341 253 1343 ,
282 1278 397 1343 librum
416 1278 515 1344 Hiesu
535 1279 625 1344 Naue
657 1282 688 1345 et
711 1280 957 1364 Paralipomena
1010 1300 1073 1345 nou
1100 1282 1211 1365 ignoro
1237 1279 1329 1362 plura
1349 1281 1382 1344 in

283 1382 549 1448 benedictionibus
579 1384 829 1465 patriarcharum
852 1404 920 1449 osse
950 1385 1114 1467 mysteria,
1142 1385 1198 1449 sed
1224 1384 1265 1449 ad
1292 1403 1384 1465 prae·

171 1486 174 1495 '
284 1506 354 1551 sens
378 1486 560 1570 opusculum
583 1506 645 1552 non
667 1490 812 1571 pertinet.
1401 1494 1437 1547 10

390 1592 564 1675 Neptbcdim
598 1596 766 1675 uirpultum
803 1595 984 1669 resolutum,
1020 1594 1109 1656 dano·
1129 1597 1161 1655 in
1197 1597 1385 1676 peroratione

281 1698 543 1781 palchritudinem.
600 1696 634 1760 in
661 1696 795 1762 hebraeo
822 1697 1042 1781 inscriptum
1069 1701 1117 1763 est
1140 1699 1286 1781 Neptbodi
1313 1718 1385 1778 aper

281 1806 434 1885 irrr'puuo,
464 1802 538 1864 darre
559 1805 675 1885 eloquio
692 1803 947 1884 pulchritudinis,
977 1801 1156 1885 significans
1181 1800 1263 1884 quod
1286 1818 1383 1881 cquae

283 1904 402 1971 calidae
438 1904 470 1969 in
508 1905 575 1987 ipsa
611 1908 782 1970 nascuntur
819 1906 903 1970 tribu
941 1906 1007 1969 siue
1036 1906 1118 1989 quod
1155 1924 1247 1987 super
1280 1903 1385 1969 lacum

284 2008 476 2073 Genesareth
513 2009 627 2073 fluento
659 2009 801 2073 Iordanis
838 2010 958 2093 irrigua
990 2010 1041 2073 sit.
1108 2008 1246 2073 Hebraei
1276 2008 1382 2071 autern
1401 2015 1436 2068 15

283 2114 394 2177 uolunt
414 2114 539 2196 propter
559 2113 771 2189 Tiberianam,
801 2133 880 2195 quae
902 2113 982 2197 legis
1004 2113 1168 2176 uidebatru
1189 2104 1305 2176 habere
1327 2130 1384 2175 no·

283 2216 401 2294 titiam,
439 2236 549 2300 agrum
580 2217 732 2300 irriguum
766 2221 799 2282 et
832 2216 954 2299 eloquia
981 2216 1221 2299 pulchritudinis
1251 2216 1384 2298 prophe-

283 2322 353 2385 tari.
396 2339 503 2404 porro,
540 2321 595 2385 ubi
624 2340 680 2385 nos
716 2342 827 2405 agrum
861 2322 1016 2405 irriguum
1052 2322 1083 2385 et
1111 2321 1196 2387 LXX
1229 2317 1384 2398 στέλεχος,

282 2424 314 2489 id
342 2427 390 2489 est
417 2424 590 2508 uirgultum
611 2426 793 2503 resolutum,
823 2427 1010 2509 posuerunt,
1045 2425 1077 2489 in
1105 2425 1240 2489 hebraeo
1269 2424 1384 2507 legitur

283 2533 363 2593 ciclo
390 2532 491 2607 seluo,
523 2529 603 2612 quod
625 2531 729 2611 potest
752 2532 784 2595 et
813 2534 923 2594 cer'uus
946 2529 1078 2593 emissus
1106 2527 1282 2604 transferri,
1310 2546 1382 2609 pro·
1401 2536 1437 2589 20

282 2636 351 2716 pter
377 2634 592 2716 temporaneas
623 2633 729 2717 fruges
754 2619 955 2699 uelocitatem
983 2637 1092 2705 terrae,
1106 2632 1259 2697 uberioris
1281 2634 1384 2695 osten-

283 2738 368 2802 dens
413 2737 467 2802 sed
489 2737 609 2814 melius,
633 2738 659 2802 si
683 2737 722 2802 ad
746 2738 921 2803 doctrinam
942 2738 1109 2802 saluatoris
1132 2739 1246 2801 cuncta
1265 2736 1383 2799 refero·

282 2862 364 2919 mus,
387 2841 530 2924 quodibi
551 2841 602 2905 uel
622 2842 757 2906 maxime
781 2843 935 2907 docuerit:
964 2842 1054 2906 utin
1077 2841 1238 2925 euangelio
1262 2858 1382 2923 qnoque

283 2948 511 3031 scriptumest.

368 3052 469 3115 Ellam
497 3056 600 3115 ocolus
628 3055 747 3135 Ioseph,
780 3053 873 3132 filias
900 3056 1005 3113 acciae
1039 3051 1278 3134 supersectam,
1293 3050 1382 3130 silice
1399 3056 1435 3109 25

280 3158 378 3238 produ
405 3160 560 3238 composito
585 3157 747 3219 incedentes
775 3178 866 3239 super·
892 3177 1021 3218 maram.
1071 3160 1099 3217 et
1132 3157 1384 3217 remarcuerunt

282 3283 348 3325 eom
379 3266 407 3323 et
430 3261 653 3323 contenderant:
696 3266 723 3323 et
752 3263 956 3323 irascebantur
984 3261 1129 3322 aduersas
1155 3272 1222 3321 earo
1250 3260 1385 3321 babentes

281 3370 413 3447 eupitius.
465 3365 541 3427 aedit
570 3368 601 3427 ic
618 3366 702 3443 forti
729 3386 819 3427 orcas
846 3368 925 3440 erce,
959 3370 987 3427 et
1016 3365 1139 3446 dirupto
1164 3369 1232 3425 aar
1261 3363 1384 3424 uincula

281 3491 423 3533 munaum
453 3474 531 3546 occe,
567 3490 585 3531 o
615 3472 754 3531 menibus
773 3468 871 3548 fortes
899 3470 1003 3531 Iacob:
1040 3468 1109 3529 inde
1130 3472 1273 3550 poscetur
1305 3468 1384 3549 lupia

281 3576 397 3637 Israhel
420 3594 438 3635 c
461 3573 512 3635 deo
537 3576 637 3655 petris
659 3575 707 3635 lai
735 3573 767 3635 et
797 3572 925 3653 reliqna.
977 3572 1050 3653 quia
1080 3571 1165 3635 LXX
1193 3570 1381 3651 interpretes

351 3707 367 3761 8
383 3706 457 3755 losue
477 3704 518 3767 13,
534 3705 569 3758 24
585 3706 621 3768 18
637 3706 714 3755 Paral
731 3724 747 3755 α
767 3705 792 3766 5,
813 3705 845 3757 11
861 3703 865 3771 1
882 3705 915 3758 11
929 3706 983 3754 Gen
994 3702 1037 3769 49,
1049 3704 1083 3758 21
1099 3703 1103 3771 1
1119 3703 1153 3757 23
1172 3705 1255 3753 Matth
1272 3701 1297 3765 4,
1319 3703 1350 3756 15
1377 3700 1380 3770 1

282 3793 315 3847 25
335 3794 388 3845 Gen
406 3792 448 3853 49,
471 3792 596 3866 22—‚262

352 3911 518 3963 baduersum
539 3930 560 3979 ψ
580 3907 584 3974 1
607 3910 887 3977 8parolipomenonm
909 3909 914 3972 1
936 3910 969 3961 11
986 3907 1115 3973 Neptalim
1133 3913 1164 3973 β,
1197 3906 1352 3975 ΝεῆὶιιιΙίφ
1377 3903 1380 3973 1

282 3998 313 4051 ll
333 3997 471 4060 uirgultum
483 4001 556 4045 etiam
574 3998 618 4046 boe
636 4000 685 4045 lom
701 3995 837 4046 uireultum
855 3999 973 4056 scriptum
990 4000 1095 4057 ardetur,
1116 3997 1158 4043 red
1174 3996 1264 4041 lineola
1280 3996 1313 4041 ad
1331 3996 1382 4041 sin·

280 4093 357 4133 otram
382 4086 525 4133 descenderes
552 4100 626 4132 manu
648 4087 732 4145 prima
760 4085 826 4131 inter
848 4086 998 4132 scribendum
1025 4086 1109 4131 addito
1139 4079 1143 4146 1
1180 4081 1211 4132 12
1232 4078 1338 4143 Neptali
1356 4083 1381 4144 β,

280 4170 386 4231 nefthuli
404 4188 426 4238 φ
445 4167 448 4238 1
471 4169 504 4222 14
521 4174 653 4219 nascantur
671 4188 693 4237 φ
709 4172 712 4231 Ι
730 4167 762 4221 15
783 4172 949 4233 gennesareth
966 4188 988 4237 φ
1009 4169 1014 4232 1
1037 4168 1069 4220 16
1087 4167 1203 4217 uideatur
1222 4164 1315 4233 φ118
1334 4169 1382 4213 ste·
1423 4195 1429 4205 -

280 4257 364 4306 lechcs
385 4274 414 4324 φ,
432 4255 553 4306 thelectus
571 4260 595 4321 β.
623 4254 767 4323 ἀνειμένον
785 4258 897 4318 uolparae
915 4272 965 4303 non
982 4256 1083 4303 additur
1097 4255 1102 4317 1
1117 4252 1152 4305 20
1169 4252 1235 4301 aiala
1252 4247 1381 4318 seluaflopl

281 4342 314 4395 27
332 4343 464 4393 aduersum
484 4340 577 4412 φ128
593 4341 694 4392 uincula
712 4346 743 4409 β,
765 4340 911 4412 brachiarp
1244 4335 1248 4342 ’
1290 4357 1294 4362 ’
