3125 5167
275 420 278 433 ·
296 381 331 438 22

295 568 355 633 pre
380 548 539 615 occidente
561 551 634 635 poni
661 552 699 616 ab
731 570 785 630 eo,
814 550 897 636 quod
919 551 1116 617 Palaestinae
1147 549 1233 634 regio
1262 549 1308 614 ite
1336 549 1434 613 sital

296 652 352 731 sib,
373 655 410 719 ut
430 673 516 719 mare
535 655 568 721 in
591 654 761 721 oeeidentis
780 655 875 741 plaga
895 655 1019 721 habeat

383 760 424 821 Ei
453 780 510 823 reor
538 762 631 837 Bate,
668 763 739 825 bueo
770 767 815 825 eat
842 762 944 844 seper.
1001 782 1100 825 omues
1131 763 1167 823 bi
1194 762 1401 823 moreremur

295 862 376 945 apud
394 864 506 927 uallem
526 866 652 943 selsam,
681 868 735 929 boe
756 871 800 929 eet
821 886 905 927 mare
925 868 1008 929 eolis.
1048 864 1125 929 Bale
1140 863 1249 947 lingua
1262 861 1400 927 hebraea

296 957 492 1045 κατάποσις,
511 967 543 1032 id
568 970 617 1035 est
638 968 799 1035 denotatio
821 966 943 1035 dieitur.
987 966 1118 1033 tradunt
1144 968 1242 1053 igitur
1261 959 1437 1032 Hebraei5

295 1068 376 1134 hano
405 1070 536 1137 eandem
563 1072 597 1137 in
618 1073 680 1139 alio
703 1073 929 1156 seripturarum
957 1073 1026 1138 loeo
1056 1072 1207 1138 Salissam
1236 1070 1399 1147 nominari,

295 1172 416 1256 dieique
431 1194 556 1241 rursum
575 1168 723 1257 μοσχάδα
743 1168 982 1259 retrusionem,
1003 1176 1099 1242 idest
1119 1177 1400 1265 uibrlameonter-

296 1281 440 1357 nantem,
468 1281 548 1364 quod
572 1281 693 1347 scilieet
721 1282 815 1347 tertio
837 1284 927 1346 motu
947 1283 1051 1347 terrae
1074 1282 1220 1365 absorpta
1238 1280 1280 1345 sit
1301 1282 1334 1344 et
1361 1300 1400 1345 or

296 1400 331 1446 eo
361 1385 516 1465 tempore,
552 1404 612 1467 quo
638 1384 772 1451 Sodoma
802 1387 834 1451 et
858 1384 1027 1463 Gomorra,
1063 1384 1187 1449 Adama
1215 1386 1248 1449 et
1269 1377 1399 1449 ¹Seboim

296 1485 399 1551 diuino
422 1488 495 1572 igne
519 1488 687 1555 subuersae
711 1474 810 1567 sunt,
823 1489 880 1554 illa
900 1488 1034 1573 paruula
1060 1491 1271 1571 nuncupetur:
1302 1488 1398 1570 siqui·
1418 1484 1459 1542 10

297 1588 367 1655 dem
390 1590 487 1676 Segor
506 1594 694 1658 transfertur
717 1593 749 1657 in
770 1612 918 1676 paruam,
955 1612 1033 1676 quae
1063 1592 1173 1677 lingua
1202 1611 1275 1675 syra
1302 1594 1400 1657 Zoara

296 1692 417 1759 dieitur.
460 1696 553 1761 uallis
585 1699 688 1762 autem
720 1697 889 1763 salinarum
915 1697 1014 1779 (siout
1038 1697 1072 1761 in
1100 1698 1160 1761 hoe
1183 1696 1293 1763 eodem
1318 1696 1398 1761 libro

296 1798 471 1883 scribitur),
492 1802 526 1865 in
556 1821 617 1885 qua
652 1802 779 1867 fuerunt
807 1804 879 1867 ante
917 1801 1003 1884 putei
1039 1800 1214 1878 bituminis,
1248 1802 1319 1884 post
1348 1800 1400 1867 dei

295 1902 382 1967 iram
396 1906 428 1968 et
450 1906 606 1991 sulphuris
626 1907 767 1990 pluuium
785 1907 817 1971 in
840 1926 925 1971 mare
939 1908 1098 1969 mortuum
1120 1925 1211 1971 uersa
1233 1907 1296 1980 est,
1316 1903 1399 1989 quod

297 2008 458 2092 agraeeis
489 2005 580 2097 λίμνη
609 2000 805 2096 repatriare
834 2009 879 2095 (id
900 2013 949 2075 est
970 2012 1117 2095 stagnum
1139 2010 1312 2092 bituminis)
1343 2023 1460 2091 all-15

296 2111 441 2193 pellatur.

382 2220 423 2281 Et
453 2220 641 2283 conridebant
673 2224 809 2303 pipuniea
845 2224 876 2281 in
901 2218 1045 2281 Astaroth
1073 2220 1214 2281 Cumauam
1243 2224 1272 2281 et
1298 2224 1399 2302 peotes

292 2320 388 2398 feries
414 2327 507 2387 simul
529 2347 596 2387 euos
621 2329 664 2387 eia
685 2329 713 2387 et
734 2325 889 2387 Ommueoe
908 2328 939 2386 ob
961 2324 1059 2386 Sueba
1079 2326 1216 2400 deitate,
1242 2328 1398 2406 antequem

296 2426 452 2490 Sodomam
479 2434 678 2511 peruenirent.
736 2429 868 2509 quatuor
895 2445 985 2510 reges
1013 2426 1146 2508 profecti
1175 2426 1213 2491 de
1238 2426 1398 2508 Babylone

295 2530 519 2597 interfecerunt
549 2533 709 2616 gigantes,
750 2532 810 2595 hoo
839 2534 887 2596 est
911 2530 1053 2608 Rafaim,
1089 2531 1232 2595 robustos
1261 2548 1397 2612 quosque
1416 2546 1458 2599 20

297 2633 442 2713 Arabiae,
466 2638 499 2701 et
514 2637 618 2701 Zozim
638 2636 670 2699 in
690 2637 774 2709 Hom
797 2637 829 2699 et
848 2635 953 2699 llrnim
971 2636 1005 2699 iu
1027 2636 1156 2699 ciuitate
1178 2633 1303 2712 Sauhe,
1320 2653 1398 2717 quae
1475 2681 1479 2685 -

296 2758 393 2821 usque
415 2738 507 2804 hodie
530 2740 574 2803 sio
598 2742 738 2804 uocatur.
790 2740 894 2805 Zozim
924 2742 1029 2804 autern
1058 2741 1090 2803 et
1111 2739 1215 2803 Emim
1244 2737 1399 2803 terribiles

297 2843 329 2905 et
360 2842 508 2907 horrendi
535 2844 798 2927 interpretentur:
820 2860 890 2926 vpro
924 2863 983 2926 quo
1012 2844 1112 2920 LXX,
1142 2862 1268 2907 sensum
1297 2842 1398 2925 magis

296 2966 391 3028 quam
413 2948 543 3012 uerbum
567 2968 602 3011 er
626 2948 721 3013 uerbo
745 2948 978 3025 transferentes,
1001 2950 1110 3031 gentes
1131 2946 1319 3012 fortissimas
1343 2965 1398 3031 po-

296 3054 433 3117 suerunt.
484 3070 577 3135 porro
605 3056 716 3130 belem,
748 3072 806 3135 pro
830 3072 890 3134 quo
914 3052 1058 3116 dixerunt
1082 3051 1150 3131 μετ’
1181 3041 1293 3127 αὐτοῖς
1321 3052 1398 3132 (hoo
1418 3067 1459 3121 25

296 3159 344 3221 eet
367 3176 438 3221 eum
461 3156 520 3243 eis)
542 3159 734 3240 putauerunt
756 3156 851 3221 saribi
871 3175 927 3237 per
955 3157 1013 3233 lre,
1040 3156 1127 3220 ducti
1148 3147 1295 3221 elementi
1316 3154 1399 3218 simis

294 3261 443 3340 litudine,
489 3279 561 3325 oum
596 3280 652 3343 per
682 3261 758 3325 heth
793 3261 942 3344 seriptum
972 3260 1022 3324 sit.
1088 3263 1191 3323 bultem
1219 3260 1302 3324 enim
1329 3278 1399 3323 oum

364 3423 1070 3491 seuraealeuegoo,4rrreenrr,5

366 3560 380 3611 l
399 3559 448 3609 sita
467 3563 510 3626 βγ,
530 3566 562 3615 >
576 3576 598 3627 φ
614 3558 617 3625 Ι
634 3558 650 3609 6
664 3558 776 3607 salissam
795 3562 845 3623 ply,
865 3555 943 3604 salisa
961 3575 983 3624 (p
999 3552 1004 3619 Ι
1021 3556 1035 3607 7
1049 3555 1400 3619 asaradan-rpreceveveau

289 3649 469 3712 frisinpenee's,
504 3648 761 3709 moxaaatrrceoyeau
786 3646 955 3703 berolinensis,
990 3656 1273 3707 moexararr’renoyeen
1299 3641 1400 3701 reapon-

295 3750 371 3782 ranua
386 3731 390 3800 Ι
408 3730 438 3785 11
458 3747 534 3781 zoara
552 3736 595 3797 βγ,
615 3729 684 3779 zoira
700 3747 735 3798 (p,
758 3732 785 3777 ie
802 3744 848 3789 quo
865 3745 939 3777 omne
951 3731 1035 3790 prima
1051 3744 1127 3801 super·
1144 3727 1168 3776 oi
1190 3730 1306 3789 seraptem
1324 3734 1368 3774 osb
1378 3741 1401 3792 a,

85 3879 90 3891 ι
121 3829 137 3891 ,⁹
194 3854 198 3881 ·.
296 3835 370 3881 rupee
391 3833 421 3867 ra
450 3826 528 3867 aetem
554 3833 575 3866 o.
617 3818 687 3864 aeleri
710 3824 816 3864 enotare:
843 3814 981 3863 moderas
1001 3815 1120 3863 Noeldeloe
1146 3803 1263 3863 uiderit*
1287 3796 1400 3887 ΝᾏἿξζΙ

195 3892 202 3935 '³
296 3905 329 3959 12
347 3907 395 3955 hoe
413 3909 462 3973 βψ,
488 3911 521 3961 >
542 3922 560 3970 y
588 3902 592 3967 Ι
622 3902 655 3955 14
674 3901 828 3969 ειιΙριπίεφ
857 3899 865 3966 Ι
892 3900 924 3953 15
947 3902 1215 3955 arrersao-oenatrtee
1234 3901 1399 3959 berolinensis,

295 3996 323 4042 in
348 4008 393 4056 que
415 4007 429 4039 o
454 3993 568 4050 deletum,
598 4003 841 4040 arnuuaeoaerrrrrc
877 3978 1057 4048 eenpbue'anes,
1087 4000 1324 4038 mnuneoeaarrrrc
1344 3988 1400 4050 sri-

295 4082 416 4144 einpmeir
432 4075 435 4143 Ι
453 4077 485 4130 17
504 4077 635 4125 astharoht
653 4094 675 4143 φ
690 4076 695 4139 Ι
712 4074 744 4127 18
763 4074 876 4123 emineas
894 4078 931 4141 βγ
945 4071 951 4141 Ι
967 4073 1000 4127 18
1018 4073 1121 4123 ciuitate
1139 4080 1173 4129 >
1191 4090 1213 4141 φ
1229 4071 1234 4139 Ι
1253 4071 1288 4125 22
1307 4087 1400 4121 uocau-

294 4148 375 4233 turrp
398 4162 402 4231 Ι
424 4163 698 4231 231ῃῒθτρτεῑατιιτφ
724 4160 728 4227 Ι
749 4158 783 4213 25
801 4160 892 4209 bahem
911 4164 954 4225 βγ,
979 4157 1090 4226 baernrp
1113 4156 1118 4226 Ι
1139 4157 1174 4211 25
1195 4158 1252 4226 μετ’
1273 4154 1365 4213 αι’τοῑς
1388 4174 1400 4205 e

296 4255 443 4301 berolinenri
460 4260 482 4300 et
499 4252 649 4311 reopbueene
668 4250 771 4311 sumpsi,
796 4260 942 4296 amaaurorc
959 4248 1126 4311 fridapeerie
1141 4242 1145 4311 Ι
1161 4244 1194 4297 27
1211 4245 1273 4295 heth
1290 4242 1401 4293 litteram

296 4338 418 4405 seriptum
440 4357 461 4407 tp
484 4334 487 4407 Ι
509 4336 542 4389 27
564 4336 655 4387 behem
668 4340 730 4405 βγφ
749 4330 752 4403 Ι
773 4333 807 4385 27
824 4347 881 4381 eum
896 4336 947 4400 βγ,
967 4331 1075 4402 quodq>
