3125 5167
237 399 240 431 ¹
293 398 328 453 40

378 562 417 623 Et
439 561 509 623 tace
529 564 648 622 aomina
667 560 809 640 filiorum
831 560 961 674 Iemptct
983 564 1016 620 ia
1037 560 1206 621 amarem
1226 563 1291 621 eam
1311 563 1339 621 et
1363 562 1393 620 in
1418 563 1433 617 1

289 666 529 750 pancratiomtus
548 668 619 727 suro.
658 668 881 747 primcpcaitue
901 665 1059 725 Ismahelo'e
1083 662 1231 725 Nuboiotle
1253 667 1282 725 et
1302 663 1399 726 Ocdar

292 771 325 833 et
347 767 457 849 reliqui
487 786 584 849 usque
614 766 653 831 ad
682 785 755 831 eum
782 765 885 831 locum
916 766 971 830 ubi
992 766 1038 830 ait
1066 770 1095 829 et
1123 768 1334 829 meorumue
1361 770 1397 831 cb

292 858 385 935 Eucic
405 892 496 955 osque
518 872 586 948 Sur,
620 892 694 953 quae
720 876 762 934 eet
791 877 893 934 contra
917 871 1027 948 faciem
1055 870 1189 953 Aepypte'
1214 874 1400 935 uenientibus

292 981 323 1039 io
345 974 504 1058 Assyrios,
538 980 569 1039 io
605 980 758 1059 conspectu
786 980 917 1039 maiam
945 975 1086 1054 fratrum
1123 996 1248 1037 ecorum
1284 976 1435 1039 aecae

295 1078 455 1144 duodecim
477 1079 534 1144 filii
554 1080 725 1143 nascuntur
739 1078 906 1157 lemanem,
926 1096 943 1142 e
963 1078 1075 1160 quibus
1093 1078 1320 1162 primogenitus
1339 1079 1400 1144 fuit

294 1183 469 1260 Nabaioth‚
501 1202 603 1267 aquo
626 1184 725 1247 omnis
752 1182 840 1267 regio
868 1168 911 1247 ab*
928 1183 1089 1266 Euphrate
1117 1201 1215 1265 usque
1243 1182 1284 1247 ad
1311 1202 1399 1249 mare

294 1286 424 1351 rubrum
438 1286 627 1353 Nabathena
640 1304 738 1370 usque
756 1285 847 1351 hodie
863 1286 987 1365 dicitnr,
1004 1305 1084 1368 quae
1099 1305 1172 1370 pars
1186 1286 1324 1351 Arabiae
1340 1290 1397 1352 est.

294 1408 367 1455 nam
390 1392 422 1453 et
436 1390 574 1455 familiae
596 1408 703 1454 eorum
722 1389 896 1473 oppidaque
913 1392 945 1455 et
967 1390 1040 1473 pagi
1065 1409 1101 1454 ac
1122 1390 1246 1455 minuta
1267 1390 1400 1456 castella

293 1495 326 1557 et
354 1493 455 1558 tribus
487 1512 595 1559 eorum
628 1493 835 1577 appellatione
862 1492 1061 1558 celebrantur
1096 1494 1136 1557 ab
1165 1514 1227 1558 uno
1260 1480 1396 1579 quoque:
1418 1510 1454 1563 10
1551 1490 1553 1574 ζ

294 1616 330 1662 er
358 1597 408 1661 his
430 1598 529 1663 Cedat
552 1599 584 1662 in
615 1598 736 1663 deserto
758 1599 790 1662 et
811 1599 914 1662 Duma
937 1597 998 1662 alia
1028 1599 1115 1681 regio
1138 1599 1170 1662 et
1192 1599 1333 1663 Theman
1359 1599 1398 1664 ad
1551 1603 1553 1613 '

295 1704 437 1766 austrum
462 1704 494 1767 et
525 1701 657 1767 Oedema
688 1701 727 1767 ad
758 1702 911 1766 orientem
938 1701 1032 1786 plaga
1059 1702 1180 1767 dicitnr.
1233 1703 1314 1787 quod
1342 1723 1398 1781 ap-

294 1807 360 1869 tem
386 1806 418 1869 in
448 1808 585 1871 extremo
614 1806 707 1871 huius
739 1806 869 1888 capituli
904 1808 992 1870 iuxta
1019 1807 1104 1871 LXX
1136 1805 1271 1891 legimus
1298 1814 1400 1871 contra

293 1910 401 1979 faciem
430 1916 559 1973 omnium
580 1912 718 1991 fratrum
750 1932 874 1973 ecorum
904 1913 1065 1988 habitauit,
1094 1912 1199 1975 nerins
1234 1914 1282 1976 est
1310 1912 1398 1989 illud,
1551 1978 1553 2000 Ι

293 2012 377 2102 quod
397 2032 453 2078 nos
476 2014 635 2098 posuimus
656 2036 755 2078 corum
776 2017 912 2078 omnibus
928 2015 1078 2092 fratrebus
1099 2020 1164 2077 saio
1185 2019 1334 2093 occubuit,
1364 2016 1397 2080 id
1419 2032 1454 2085 15
1551 2002 1553 2037 ⁵

297 2119 345 2181 cst
364 2118 396 2180 in
418 2118 562 2183 manibus
577 2118 714 2199 omnium
737 2117 872 2182 filiorum
896 2138 1024 2183 suorum
1044 2120 1185 2183 mo1tuus
1209 2121 1265 2197 est,
1289 2139 1398 2204 super·

188 2209 195 2220 ¹
297 2221 422 2286 etitibus
446 2222 551 2287 liberis
568 2226 600 2287 et
613 2222 707 2287 nullo
729 2222 815 2305 prius
838 2224 939 2287 morte
958 2224 1132 2305 praerepto.
1163 2223 1276 2287 fratres
1292 2226 1399 2289 autem

296 2343 350 2408 pro
374 2325 445 2390 filiis
468 2326 632 2410 appellari,
674 2326 768 2391 Iacob
791 2344 911 2410 quoque
935 2325 974 2389 ad
995 2326 1102 2390 Laban
1126 2324 1319 2392 demonstrat
1350 2327 1398 2391 di-

296 2448 368 2493 cens
390 2432 466 2513 quod
487 2436 530 2494 eet
550 2436 704 2514 peccatum
727 2453 841 2505 meato,
871 2437 942 2514 petia
965 2435 1139 2515 pereecutue
1160 2454 1191 2494 ce
1209 2437 1278 2515 post
1305 2455 1352 2495 mc
1371 2438 1400 2496 et

295 2538 366 2617 quic
387 2540 535 2599 scrutatus
557 2558 588 2598 cc
608 2540 706 2598 omnic
728 2537 909 2597 assaraco?
961 2537 1033 2618 quid
1059 2540 1202 2611 incepisti
1219 2538 1255 2601 dc
1277 2541 1396 2599 uniuer-
1415 2550 1453 2605 20
1551 2590 1553 2593 ,

294 2644 337 2701 eis
359 2644 442 2701 uasis
463 2640 568 2703 domas
589 2638 678 2703 tuuc?
728 2645 859 2723 ponatur
879 2660 979 2702 coram
995 2640 1153 2720 fratribus
1178 2646 1252 2703 ruere
1280 2646 1308 2703 et
1332 2641 1397 2719 fro-

295 2745 392 2806 taem
410 2748 485 2819 tuc'o,
516 2749 543 2807 ct
566 2744 728 2806 diteediecot
749 2748 827 2806 inter
849 2766 908 2806 noe.
959 2762 1017 2807 neo
1037 2743 1118 2807 enim
1143 2762 1307 2826 possumus
1330 2763 1396 2807 cre·

297 2846 384 2922 dere,
411 2849 447 2911 ut
475 2847 629 2929 scriptura
652 2849 891 2925 commemorat,
915 2845 995 2929 quod
1017 2848 1110 2912 Iacob
1133 2848 1269 2929 exceptis
1289 2847 1396 2912 liberis

296 2970 401 3015 secum
423 2952 536 3016 fratres
557 2951 677 3033 aliquos
698 2951 852 3015 habuerit.

381 3059 422 3120 Et
443 3062 571 3141 concepit
592 3058 723 3119 Rebecca
746 3077 825 3119 amor
855 3061 934 3132 cius,
965 3061 992 3118 et
1022 3058 1216 3118 mouebantur
1229 3055 1306 3136 <filii
1331 3057 1396 3117 cios
1415 3064 1452 3117 25

293 3164 326 3223 ia
351 3182 393 3223 ec.
450 3178 505 3241 pro
535 3158 671 3224 motione
703 3159 788 3223 LXX
817 3158 1004 3242 interpretes
1032 3160 1204 3243 posuerunt
1233 3152 1395 3242 ἐσκίρτων,

294 3264 328 3328 11
360 3264 408 3327 est
435 3262 586 3328 ludebant
614 3264 681 3326 siue
711 3262 934 3328 calcitrabant:
971 3263 1053 3345 quod
1082 3262 1197 3345 Aquila
1234 3261 1397 3326 transtulit

296 3368 555 3451 coasriopebantor
567 3368 637 3449 filii
654 3373 686 3430 io
709 3372 793 3431 utero
815 3372 894 3444 ciue,
916 3366 1121 3449 Symmachus
1143 3386 1219 3431 nero
1235 3362 1395 3444 διέπλεον,

296 3472 328 3536 id
351 3475 399 3537 est
422 3471 679 3536 insimilitudine
702 3470 793 3535 nauis
814 3471 847 3534 in
868 3471 1030 3553 superficie
1053 3470 1196 3535 ferebant
1235 3520 1242 3533 .

381 3578 423 3639 Et
447 3598 581 3659 opressus
608 3581 651 3639 cet
667 3580 790 3658 primus
817 3580 927 3639 mebcuc
953 3580 1030 3638 totus
1057 3579 1134 3637 sicut
1157 3578 1246 3657 pellis
1268 3578 1450 3659 pilosorum)
1551 3563 1553 3580 ¹

295 3680 349 3745 ubi
380 3698 436 3744 nos
470 3674 605 3763 pilosum
637 3678 815 3762 posuimus,
858 3680 890 3742 in
917 3678 1167 3765 hebraeohabet
1190 3684 1258 3745 retr.
1316 3678 1431 3748 unde.

296 3786 396 3860 Esau,
421 3784 502 3849 sicut
526 3786 557 3849 et
578 3783 653 3848 alibi
674 3783 823 3867 legimus,
845 3783 928 3860 Seir,
951 3783 1046 3846 idest
1066 3783 1201 3866 pilosus,
1223 3783 1272 3847 est
1287 3781 1397 3847 dictus.

296 3912 309 3964 1
319 3909 419 3971 senso,
428 3906 556 3976 13-18113
565 3911 619 3960 Gen
626 3907 669 3970 25,
679 3906 760 3977 18119
770 3911 824 3959 Gen
831 3908 873 3973 31,
882 3909 917 3963 36
923 3910 957 3963 37
965 3906 1005 3976 125
1012 3910 1066 3959 Gen
1072 3907 1115 3972 25,
1122 3909 1155 3962 21
1163 3909 1197 3962 22
1207 3905 1248 3975 130
1256 3908 1399 3971 sonasse

368 4008 564 4078 llrismahelrp
590 4008 594 4075 Ι
622 4008 804 4061 lhismahelis
825 4029 846 4079 φ
879 4006 884 4077 1
916 4010 1104 4079 2nabeothrp
1134 4008 1138 4074 1
1166 4008 1294 4075 3reliqui
1311 4014 1370 4079 βγφ
1392 4006 1396 4076 1

271 4104 277 4122 ’
297 4096 481 4162 6ismahelifl
505 4095 510 4162 1
535 4096 644 4149 laboth
663 4099 707 4165 φῑ,
732 4097 827 4146 naboth
847 4098 882 4166 φῖ
908 4095 913 4162 Ι
939 4096 956 4149 8
977 4097 1117 4146 nabathena
1139 4116 1160 4166 φ
1185 4094 1189 4161 Ι
1214 4095 1335 4148 9eorum
1353 4100 1398 4161 βγ,

296 4184 410 4247 ipsorum
429 4202 450 4253 a
466 4183 471 4249 Ι
487 4183 503 4236 9
521 4183 617 4232 minuta
633 4188 683 4251 βψ,
703 4182 800 4231 munita
818 4200 836 4249 y
852 4183 856 4244 Ι
873 4183 906 4236 10
925 4199 1010 4232 corum
1028 4188 1072 4249 ty,
1091 4184 1183 4232 horum
1204 4201 1226 4250 <p
1242 4181 1246 4248 Ι
1264 4182 1297 4234 12
1316 4181 1398 4231 orien-
1551 4235 1553 4248 Ι

296 4274 346 4319 tem
364 4268 442 4333 plaga
462 4289 495 4338 (p,
515 4269 663 4318 orientalem
680 4268 783 4333 plagam
802 4274 838 4336 βγ
859 4273 863 4327 1
886 4268 919 4322 19
938 4270 1103 4333 persequutus
1123 4286 1144 4337 φ
1165 4265 1170 4334 1
1191 4267 1225 4321 28
1248 4277 1399 4333 Aynrraemn
1512 4324 1514 4328 .
1551 4289 1553 4300 =

295 4357 371 4417 hercl,
391 4370 525 4404 ernnaaou
545 4357 660 4417 coeptus,
679 4353 807 4405 drenleon
819 4351 1261 4425 frteinql29similitndinemcpl30
1278 4352 1399 4424 robeus‘p)
