3125 5167
291 408 327 465 34

291 570 363 637 inde
391 590 488 655 usque
519 570 558 637 ad
582 574 723 638 mentem
750 572 851 639 Meris
880 572 932 639 uix
960 572 1053 639 unius
1087 572 1149 637 diei
1176 572 1237 638 iter
1265 569 1429 654 plenuml

292 679 342 743 sit.

378 784 419 845 llt
440 783 570 845 eleuauit
589 781 742 847 Abrabam
765 786 866 848 oculos
892 804 985 859 euos„
1004 788 1032 847 et
1052 805 1116 847 ecce
1136 786 1217 846 ara'ee
1241 787 1310 866 post
1335 787 1392 844 ter·-

288 908 360 970 pum
390 890 454 949 etus
479 888 631 949 tenebatur
651 890 684 949 in
714 891 848 971 az'rpulte
870 890 973 951 sabech
995 891 1134 951 cernebas
1155 892 1226 950 suta.
1277 884 1393 949 ridicu·

291 991 356 1055 lam
377 1009 443 1055 rem
472 989 504 1053 in
529 990 589 1056 hoc
612 990 681 1056 lece
703 992 858 1057 emisenus
880 992 1032 1057 Eusebius
1055 992 1103 1055 est
1123 988 1264 1067 locatus,
1291 990 1393 1053 sabech
1413 1000 1433 1053 5

292 1094 435 1178 inquiens
468 1096 581 1159 ditatur
608 1097 726 1174 barcas,
769 1102 823 1179 qai
845 1102 934 1161 rectis
953 1099 1093 1161 cernebas
1118 1102 1147 1159 et
1169 1096 1208 1158 aet
1234 1094 1395 1179 carpendae

291 1204 413 1265 arberte
425 1198 553 1281 frondes
579 1202 717 1263 sublimis
745 1203 904 1265 attollitur.
964 1220 1072 1265 rursus
1094 1198 1210 1283 Aquila
1239 1198 1394 1277 συχνεῶνα

293 1305 517 1389 interpretatus
553 1305 615 1383 est,
651 1296 744 1388 qnern
774 1324 831 1370 nos
861 1324 989 1389 ueprem
1017 1324 1182 1389 possumus
1212 1300 1313 1367 dicere
1341 1301 1394 1365 uel

292 1410 447 1493 spinetum
478 1410 510 1473 et
541 1410 592 1491 (ut
610 1408 698 1473 uerbi
718 1410 785 1473 uim
806 1409 1062 1494 interpretemur)
1083 1408 1239 1475 condensa
1262 1408 1294 1471 et
1312 1406 1393 1469 inter

291 1533 324 1579 se
346 1512 482 1597 implexa
503 1512 652 1597 uirgulta.
685 1512 767 1579 unde
791 1516 823 1579 et
844 1506 1104 1597 Symmachus'in
1127 1512 1258 1579 eandem
1280 1511 1392 1580 ductus
1412 1514 1452 1568 10

282 1618 469 1700 ,opinionem
493 1624 521 1681 et
551 1622 691 1701 appelait
712 1619 757 1683 ait
781 1623 861 1682 artes
877 1626 947 1704 pest
973 1622 1026 1683 tec
1047 1624 1177 1683 retentas
1197 1623 1230 1680 ia
1251 1621 1312 1680 rete
1333 1638 1394 1678 ecr-

290 1726 378 1786 mbus
399 1727 470 1786 suas.
522 1741 631 1787 uerum
654 1721 839 1804 quibusdam
866 1724 897 1787 in
926 1724 985 1789 hoc
1009 1724 1170 1790 dumtaxat
1192 1723 1261 1787 loco
1283 1719 1395 1785 melius

290 1825 435 1892 uidentur
463 1826 659 1909 interpretati
692 1846 759 1893 esse
788 1828 874 1893 LXX
904 1830 936 1893 ct
968 1828 1177 1906 theodotion,
1215 1825 1268 1909 qui
1293 1825 1395 1909 ipsum

292 1950 405 1996 nomen
427 1934 532 1995 aebeat
546 1920 736 2015 posuerunt,
767 1931 905 1997 dicentes
925 1937 957 1997 ia
979 1936 1114 2017 atrpaltc
1132 1935 1235 1997 sabech
1259 1931 1396 1994 omnebus

290 2040 370 2101 eura:
395 2034 511 2101 etenim
530 2036 667 2115 σιχνειὺν
688 2036 753 2100 sius
776 2038 858 2115 rete,
882 2038 963 2121 qued
986 2036 1102 2122 Aquila
1121 2035 1226 2121 posuit
1247 2036 1279 2099 et
1301 2033 1391 2117 Sym·
1412 2038 1450 2091 15

290 2141 434 2219 machus,
456 2158 511 2223 per
529 2139 577 2204 sin
599 2138 723 2205 literam
746 2142 856 2219 scribi,
879 2142 930 2206 hie
949 2160 1025 2207 uere
1042 2142 1167 2207 samech
1189 2140 1315 2205 literam
1336 2157 1392 2221 pc·

291 2246 401 2311 sitam:
430 2263 466 2309 ex
496 2263 555 2327 quc
577 2244 778 2310 manifestum
810 2264 877 2311 esse
906 2261 969 2315 non
998 2246 1289 2331 interpretationem
1318 2240 1392 2306 stir-

289 2350 377 2432 pium
409 2348 635 2431 condensarnm
666 2350 698 2413 et
729 2349 763 2414 in
796 2350 925 2415 medum
956 2351 1032 2415 retis
1067 2351 1151 2416 inter
1184 2368 1217 2415 se
1254 2344 1393 2430 uirgulta

291 2454 436 2544 contexta
456 2453 589 2517 uerbum
619 2456 737 2533 sebert,
773 2453 827 2519 sed
859 2473 973 2519 nomen
995 2474 1105 2521 sanare
1134 2453 1281 2539 singulti,
1311 2448 1394 2532 qnod

290 2557 336 2622 ita
355 2556 499 2637 hebraice
524 2556 645 2621 dicitur.
692 2576 748 2642 ego
771 2577 846 2623 uere
868 2557 1034 2645 diligenter
1056 2559 1215 2644 inquirens
1236 2553 1392 2636 σιχνειῦνα
1410 2564 1450 2617 20

290 2681 346 2743 per
368 2661 493 2731 samech
514 2660 641 2726 literam
664 2661 758 2727 scribi
780 2663 888 2727 crebro
910 2664 1042 2749 repperi.

377 2770 418 2830 Et
440 2770 560 2829 uocauit
582 2765 736 2830 Abraham
757 2790 860 2832 nomen
890 2770 950 2833 loct
975 2771 1064 2833 illius
1089 2768 1250 2846 „domnae
1277 2764 1393 2839 maer,

290 2878 322 2935 ut
347 2872 446 2934 debent
467 2871 554 2934 bodie
583 2875 640 2949 „la
662 2877 757 2935 monte
779 2874 916 2952 deminus
937 2874 1050 2937 urcem
1098 2889 1154 2955 pro
1176 2889 1212 2935 eo
1234 2867 1315 2953 quod
1341 2865 1393 2931 hic

288 2960 558 3051 habetuttet,i1'1
590 2974 724 3040 hebraeo
751 2977 905 3041 uidebitur
933 2977 1160 3060 scriptumest
1204 2976 1264 3039 hcc
1288 2973 1414 3037 autem'

289 3076 371 3162 apud
393 3078 553 3143 Hebraeos
579 3080 675 3144 exiuit
695 3079 728 3143 in
755 3079 972 3164 prouerbium,
994 3082 1046 3157 ut,
1078 3080 1105 3144 si
1131 3077 1253 3163 quande
1274 3078 1308 3142 in
1336 3095 1392 3140 an·
1410 3086 1451 3140 25

289 3183 393 3265 gustis
425 3182 587 3248 constituti
615 3185 689 3248 sunt
718 3185 750 3249 et
787 3183 904 3249 domini
934 3187 1044 3268 aptant
1076 3184 1189 3250 auxilia
1226 3179 1393 3258 subleuari,

289 3284 397 3351 dicant
417 3287 476 3364 „in
489 3289 596 3352 monte
613 3287 755 3353 dominus
777 3288 970 3368 uidebitur“,
992 3286 1051 3353 hcc
1067 3291 1130 3354 est:
1153 3288 1235 3354 sicut
1249 3286 1393 3351 Abrahae

290 3390 439 3455 misertus
460 3393 523 3469 est,
546 3389 745 3456 miserebitur
764 3394 796 3457 et
809 3392 925 3458 nostri.
970 3392 1052 3458 unde
1074 3394 1106 3458 et
1126 3393 1159 3457 in
1181 3392 1306 3477 signum
1328 3388 1394 3454 dati

290 3494 395 3559 arietis
419 3493 522 3559 solent
543 3495 640 3560 etiam
662 3514 745 3560 nunc
769 3514 866 3562 cornu
889 3496 1042 3582 clangere.
1390 3476 1394 3487 ¹

377 3600 418 3661 Et
441 3604 653 3664 nuntiauerant
672 3598 827 3664 Abraham
847 3603 974 3665 dicentes
993 3604 1068 3665 Ecce
1083 3605 1204 3686 peperit
1225 3602 1344 3662 Melete
1365 3603 1393 3660 et
1411 3606 1451 3659 30

287 3707 353 3787 iprae
371 3703 459 3785 filice
482 3693 603 3767 Nectar
627 3704 811 3783 factitiae,
841 3706 912 3770 Has
934 3710 1170 3791 prataoprna'tum
1191 3708 1255 3768 elas
1276 3708 1304 3767 ct
1325 3705 1392 3765 Bar

359 3873 373 3917 3
396 3869 451 3918 Gen
469 3869 511 3929 22,
533 3869 566 3922 13
582 3868 585 3935 Ι
601 3870 636 3924 22
657 3870 711 3921 Gen
730 3869 773 3934 22,
799 3870 833 3925 14
847 3871 851 3939 Ι
867 3872 902 3927 30
920 3873 975 3923 Gen
990 3872 1033 3935 22,
1052 3870 1164 3927 20-22

359 4014 523 4068 tremerenus
542 4036 564 4086 (p
586 4015 589 4082 Ι
615 4015 809 4089 bloquutusm
836 4021 841 4085 Ι
870 4021 1005 4074 lrnrsum
1029 4038 1052 4089 (p
1081 4018 1086 4088 Ι
1120 4022 1137 4075 9
1162 4021 1214 4070 uim
1237 4018 1310 4070 uerbi
1335 4023 1353 4085 β
1386 4016 1390 4087 Ι

288 4100 321 4154 10
339 4100 450 4151 nirculta
468 4120 506 4171 φ,
523 4119 598 4152 marcu
616 4106 708 4154 recenti
724 4096 844 4157 mutaturi
858 4104 863 4174 Ι
880 4107 910 4160 ll
931 4112 983 4157 rete
1001 4112 1060 4176 βγφ
1076 4104 1080 4175 Ι
1096 4105 1131 4160 14
1148 4107 1256 4157 uireultc
1275 4126 1305 4175 φ,
1322 4122 1394 4154 manu

285 4192 380 4238 recenti
395 4198 512 4239 mutatum
528 4188 531 4253 Ι
549 4188 581 4243 16
600 4190 699 4241 literam
719 4193 795 4243 scribi
821 4194 864 4243 hic
882 4210 942 4244 uero
950 4194 1102 4249 samech>
1121 4212 1143 4262 (p
1160 4191 1164 4262 Ι
1183 4193 1218 4246 20
1231 4203 1290 4255 post
1309 4190 1394 4257 inqui·

286 4290 343 4323 rens
363 4275 395 4341 -Ι
415 4279 478 4344 step
499 4274 503 4344 Ι
526 4277 561 4330 22
581 4278 615 4331 23
633 4287 654 4327 rt
671 4277 707 4332 24
723 4280 789 4331 uidit
807 4300 829 4349 (p
845 4279 849 4350 Ι
865 4281 901 4336 24
921 4292 944 4331 et
960 4280 996 4333 27
1014 4279 1141 4330 uidebitur
1165 4299 1202 4350 φ,
1219 4280 1316 4330 uidebit
1334 4282 1391 4357 βγΙ

285 4358 320 4413 30
336 4362 517 4412 nuntiauerant
533 4368 591 4433 βγφ
607 4362 612 4431 Ι
627 4364 661 4417 31
681 4382 710 4414 us
730 4384 752 4431 φ
