3125 5167
290 408 325 462 60

180 642 183 647 ,
293 570 407 636 Genesi
430 571 582 655 seriptum
604 575 652 637 est
674 576 743 636 achi
762 576 794 637 et
813 592 871 638 nee
894 592 1024 657 graeom
1047 594 1149 641 sermo
1166 577 1216 641 est
1237 595 1295 641 uae
1316 577 1390 643 lati·
1419 597 1434 649 1

291 694 360 740 nus.
395 673 465 758 ¹sed
494 672 526 739 et
554 674 706 741 hebraeus
735 676 802 759 ipse
824 680 987 762 eorruptus
1016 681 1082 743 eet:
1108 679 1222 744 dieitur
1248 680 1333 746 euim
1359 686 1391 745 in

291 784 366 856 aha,
396 780 455 844 boo
484 781 532 844 est
558 780 590 845 in
620 780 742 863 palude.
787 781 842 845 sed
861 783 934 864 quia
961 802 985 848 u
1012 782 1105 848 litera
1126 782 1209 866 apud
1230 784 1417 876 Hebraeos¹

292 886 325 949 et
359 903 371 948 1
409 884 524 949 similes
560 886 633 949 sunt
668 887 700 950 et
734 887 861 950 tantum
894 886 1110 970 magnitudine
1138 887 1299 966 differunt,
1334 908 1390 972 pro

291 993 351 1055 aha
373 992 427 1052 ahi
451 988 535 1053 LXX
556 989 742 1073 interpretes
761 990 991 1057 transtulerunt
1011 993 1045 1056 et
1066 991 1237 1056 secundm
1259 1011 1390 1058 consue·
1419 1002 1436 1053 5

219 1170 222 1177 ¹
292 1093 432 1160 tudinem
455 1111 544 1158 suam
563 1092 604 1157 ad
628 1092 859 1175 exprimendam
882 1094 1037 1179 duplicem
1070 1096 1290 1178 aspirationem
1314 1097 1391 1162 heth

290 1198 441 1263 hebraeae
463 1196 572 1262 literae
595 1197 646 1261 ahi
667 1216 815 1280 graneam
836 1197 960 1263 literam
981 1199 1213 1283 copulauerunt.

379 1305 419 1365 Ei
439 1303 589 1386 respondit
607 1303 713 1385 Ioseph
733 1304 887 1366 Pharaoni
910 1305 1009 1366 dianna
1031 1298 1102 1368 Sine
1124 1306 1177 1368 deo
1197 1327 1254 1368 non
1275 1326 1391 1389 respon

291 1409 410 1472 debetur
431 1408 564 1469 salutare
584 1407 743 1470 Pharaoni.
793 1406 827 1469 iu
846 1406 979 1472 hebraeo
1004 1406 1096 1472 aliter
1128 1408 1225 1473 habet
1254 1413 1317 1471 eina
1344 1431 1391 1471 rna

290 1512 363 1574 deus
384 1511 567 1595 respondebit
586 1530 686 1593 parem
706 1511 865 1574 Pharaoni.
915 1510 1047 1594 denique
1073 1511 1278 1595 Symmachus
1302 1531 1389 1578 more
1409 1521 1445 1574 10

208 1670 210 1672 .
291 1634 347 1680 suo
369 1614 507 1698 apertius
531 1612 695 1679 transtulit
721 1636 778 1678 non
808 1637 874 1698 epo,
899 1616 950 1678 red
977 1617 1049 1678 deur
1073 1618 1260 1701 respondebit
1285 1638 1390 1700 parem

233 1776 237 1781 .
292 1721 451 1783 Pharaoni.
519 1798 523 1813 Ι
915 1758 920 1790 ι
1175 1746 1203 1788 ο

377 1826 452 1887 ane
484 1826 591 1905 sapen
622 1826 693 1884 anni
723 1825 839 1884 amiani
870 1824 1066 1887 mandantiae
1095 1817 1219 1906 araphae
1251 1829 1283 1887 in
1310 1830 1392 1888 onrni

290 1934 372 1991 terra
390 1925 529 2009 Aeqppti.
588 1923 684 1989 miror
713 1944 773 2008 quo
802 1924 895 1989 modo
926 1925 1057 1990 uerbum
1087 1926 1269 1993 hebraicum
1295 1932 1389 2007 eabae,

291 2030 372 2115 quod
394 2048 450 2105 nos
473 2047 565 2113 supra
586 2026 806 2093 abundantiam
830 2029 895 2094 siue
918 2030 1098 2095 satietatem
1117 2031 1150 2094 in
1172 2032 1276 2115 puteo,
1297 2042 1443 2116 quem15

256 2172 261 2180 ·
290 2136 436 2200 foderuut
468 2135 641 2199 extremum
677 2134 759 2197 serui
786 2136 887 2210 Isaeo,
921 2133 1118 2218 interpretati
1147 2154 1270 2213 sumus,
1305 2156 1388 2203 nune
1433 2153 1437 2159 “

289 2240 375 2306 LXX
401 2238 575 2305 rectissime
602 2238 843 2314 transferentes,
877 2238 922 2303 ibi
950 2239 1161 2304 iuramentum
1189 2240 1390 2324 interpretati

290 2345 376 2409 sunt:
407 2362 478 2407 eum
505 2343 537 2407 et
561 2341 771 2407 iuramentum
803 2344 836 2407 ot
865 2344 984 2426 septem
1013 2345 1046 2407 et
1075 2344 1203 2408 satietas
1229 2347 1262 2409 et
1289 2344 1390 2410 abun-

158 2474 161 2479 ·
290 2447 407 2524 danna,
429 2447 523 2531 prout
538 2445 626 2510 loeus
649 2447 682 2509 et
701 2444 775 2509 ordo
795 2444 999 2528 flagitauerit‚
1021 2446 1121 2529 possit
1137 2446 1289 2531 intellegi
1334 2448 1388 2512 sed

289 2554 321 2617 et
335 2550 647 2633 inconsequentibus,
663 2549 848 2631 ubicumque
864 2549 1055 2615 abnndantia
1067 2550 1192 2635 legitur,
1207 2552 1240 2616 iu
1254 2551 1389 2616 hebraeo
1406 2562 1444 2618 20

287 2656 371 2720 idem
393 2655 523 2721 uerbum
546 2654 696 2737 seriptum
718 2654 821 2717 habet.

374 2763 415 2823 Et
439 2762 582 2824 alentonii
609 2764 675 2822 ante
703 2780 770 2822 enar
799 2778 925 2841 maeno,
962 2763 990 2820 et
1016 2763 1166 2822 constitnit
1199 2781 1267 2822 eura
1299 2782 1389 2843 saper

290 2888 402 2929 ornnem
421 2870 533 2928 terram
553 2863 689 2947 Aepypti.
734 2880 871 2945 proquo
896 2861 1012 2944 Aquila
1032 2856 1196 2928 transtulit
1224 2870 1252 2927 et
1279 2856 1388 2928 alama*-

288 2974 336 3032 aii
364 2973 396 3032 in
426 2972 576 3051 conmenta
599 2971 680 3031 'eina
706 2966 1003 3049 adpanienlationern,
1046 2965 1253 3048 Symmachus
1285 2967 1387 3051 ipsum

287 3072 468 3137 hebraicum
495 3090 669 3136 sermonem
696 3070 907 3152 interpretans
936 3070 982 3135 ait
1009 3074 1037 3133 et
1063 3073 1207 3135 olanranr't
1231 3078 1297 3135 anie
1319 3095 1388 3135 eura
1406 3085 1441 3139 25

289 3180 401 3241 abrech.
445 3175 526 3242 unde
553 3175 632 3240 mibi
652 3173 777 3239 uidetur
800 3168 955 3238 nontam
980 3192 1093 3256 praeeo
1122 3175 1189 3239 siue
1218 3174 1386 3258 adgenio'u-

287 3281 379 3358 latio,
411 3299 489 3364 quae
512 3280 543 3344 in
565 3269 735 3345 salutando
753 3278 805 3342 uel
827 3276 983 3343 adorando
1009 3279 1121 3362 Ioseph
1144 3280 1243 3363 aeeipi
1273 3281 1386 3364 potest,

286 3383 504 3467 intellegenda,
527 3403 622 3467 quem
641 3382 727 3459 illud,
751 3380 834 3464 quod
854 3382 989 3446 Hebraei
1010 3381 1147 3460 tradunt,
1170 3383 1309 3448 dieentes
1330 3402 1387 3467 pa·

286 3490 369 3554 trem
394 3490 537 3553 tenerum
559 3505 595 3551 ex
616 3488 676 3551 hoo
700 3504 842 3550 sermone
865 3486 1037 3551 mansferri.
1082 3491 1117 3551 ab
1140 3487 1251 3571 quippe
1273 3488 1387 3552 dieitur

285 3593 390 3675 pater,
420 3595 488 3656 reeh
517 3590 667 3655 delieatus
691 3589 758 3654 siue
780 3589 984 3667 tenerrimus,
1011 3590 1208 3674 significante
1231 3592 1387 3676 scriptura
1403 3602 1439 3656 30

287 3695 369 3781 qaod
401 3696 487 3761 iuxta
517 3694 715 3777 prudentiam
744 3691 869 3775 quidem
896 3695 987 3778 pater
1014 3694 1152 3759 omnium
1179 3695 1289 3774 buerit,
1332 3695 1386 3761 sed

285 3800 371 3866 iuxta
393 3801 529 3865 aetatem
549 3797 736 3863 tenerrimus
758 3796 940 3863 adnleseens
961 3799 993 3863 et
1014 3817 1100 3880 puer.

355 3966 372 4018 8
392 3965 447 4015 aen
464 3964 507 4027 41,
527 3963 559 4017 16
574 3961 579 4030 Ι
595 3963 628 4017 13
649 3964 702 4013 Gen
719 3960 761 4024 41,
781 3960 885 4029 29122
903 3962 957 4011 Gen
975 3962 1017 4014 41.
1040 3963 1074 4017 43

356 4104 370 4156 1
390 4118 494 4168 maenus
513 4108 552 4153 est
570 4118 650 4153 sermo
663 4108 680 4167 β
695 4101 699 4167 Ι
715 4101 758 4162 aa
778 4102 806 4152 iu
822 4104 907 4170 baum
922 4102 927 4164 Ι
942 4102 959 4155 3
976 4118 1027 4153 uau
1039 4099 1101 4169 β13
1121 4103 1212 4169 palude
1227 4108 1338 4154 altimum
1348 4113 1384 4153 eet

285 4194 391 4249 nordana,
405 4193 469 4251 qaod
478 4198 549 4239 uetur
562 4172 678 4239 librarian
690 4192 778 4239 codicia
791 4190 938 4250 anaphoram*
950 4191 977 4237 in
988 4190 1032 4237 hor
1045 4190 1107 4237 libro
1120 4194 1234 4251 empsit:
1251 4195 1386 4240 recentiora

286 4294 336 4327 non
353 4268 463 4344 amulii
479 4276 493 4327 7
512 4277 712 4341 conpulaueruut
726 4293 749 4344 φ
763 4272 810 4342 ylo
828 4274 991 4339 respondebit
1010 4274 1071 4326 daus
1084 4273 1122 4344 ιβΙ
1139 4277 1171 4329 11
1189 4276 1359 4344 respondetrp
1379 4273 1382 4344 l

286 4362 320 4417 14
338 4362 396 4413 sabe
413 4359 494 4433 pl26
511 4364 586 4415 abrae
603 4368 633 4431 β,
655 4362 746 4415 orbeab
765 4359 858 4431 φ130
874 4360 945 4414 reebi
961 4365 993 4429 β,
1010 4362 1071 4411 reeb
1089 4380 1112 4435 φ
1128 4361 1183 4429 130
1200 4362 1322 4429 diligatur
1337 4380 1359 4433 φ
