3125 5167
1263 384 1296 441 11

150 572 248 639 rper
284 556 405 636 partes,
454 550 641 619 DCCCOLV
672 569 752 616 anno
787 551 985 616 Mathusalae
1014 552 1167 617 diluuium
1199 552 1295 629 fuisse
1352 600 1356 605 1

193 658 399 723 conuincitur.
443 676 515 721 eum
536 658 641 721 autem
665 675 759 739 supra
772 655 1055 721 DCCOOLXVIHI
1074 656 1163 721 annis
1182 658 1297 721 uixisse

193 764 235 829 sit
262 760 380 838 dietus,
413 761 493 827 nulli
524 760 649 825 dubium
671 761 719 824 est
747 760 841 825 XIHI
863 780 935 825 eum
957 780 1055 825 annes
1083 761 1196 827 uixisse
1226 764 1297 845 pest

194 867 355 932 diluuium.
385 868 417 930 et
439 884 499 949 que
515 864 608 929 medo
627 884 737 929 uerum
758 868 806 930 est
830 865 911 947 qued
933 868 1004 929 aete
1026 867 1151 930 tantum
1169 867 1296 931 animae

159 973 225 1041 hin
247 991 320 1036 area
342 971 447 1035 saluae
469 971 569 1035 laetae
591 970 686 1034 sunt?
727 971 828 1033 restat
850 989 924 1053 erge
945 971 982 1034 ul
1004 969 1157 1053 quemodo
1174 971 1207 1035 in
1229 970 1297 1052 pls-

192 1076 310 1159 risque,
352 1076 399 1139 ita
426 1076 510 1138 etin
534 1076 593 1139 hee
616 1074 658 1137 sit
680 1093 764 1139 error
792 1074 826 1138 in
848 1093 987 1139 numera.
1033 1075 1186 1157 siquidem
1208 1076 1240 1138 et
1263 1075 1296 1137 in

114 1228 117 1231 -
192 1180 335 1245 hebraeis
367 1180 399 1243 el
428 1179 696 1243 Samaritanorum
723 1178 815 1243 libris
850 1179 894 1242 ite
926 1180 1076 1259 seriptum
1106 1178 1228 1264 repperi
1269 1184 1297 1256 ei

193 1292 274 1349 alell
310 1288 485 1349 Mathusalae
523 1284 744 1350 CLXXXVII
775 1290 860 1347 anea
892 1290 920 1347 el
949 1290 1053 1367 penult
1078 1286 1218 1347 Lemeeh.
1269 1289 1298 1345 el

193 1394 274 1453 alell
308 1390 497 1471 Melleaela,
536 1394 694 1472 postquam
731 1393 836 1471 penail
866 1390 1010 1465 Lamech,
1059 1390 1304 1451 DCCLXXXII

139 1512 299 1570 loannes,
326 1500 353 1556 el
369 1498 473 1575 penult
483 1493 571 1573 filiae
593 1498 621 1555 et
634 1493 732 1573 filies,
775 1498 803 1554 el
820 1492 952 1571 ficerunt
973 1516 1072 1556 amaea
1091 1494 1155 1556 elles
1177 1494 1297 1555 Mella·

192 1604 273 1664 salae
294 1603 366 1661 aerei
387 1599 579 1662 DGCGCLX
585 1597 693 1674 VIIII,
716 1602 745 1660 el
766 1601 901 1660 laertem
921 1602 972 1660 eet¹
1020 1603 1048 1661 el
1067 1602 1148 1661 erait
1166 1600 1297 1661 Lamech

193 1705 380 1769 CLXXXII
410 1725 500 1765 aenea
538 1708 566 1765 el
599 1707 703 1784 penali
736 1702 810 1765 Noe.
868 1720 887 1765 a
925 1700 974 1765 die
1010 1721 1084 1785 ergo
1119 1702 1296 1767 natiuitatis

191 1807 390 1897 Mathusalae
438 1825 537 1888 usque
579 1804 618 1870 ad
655 1804 737 1869 diem
780 1804 957 1869 natiuitatis
1003 1807 1071 1869 Noe
1114 1808 1188 1870 sunt
1223 1807 1297 1870 anni
1373 1882 1376 1885 ⁴

141 1982 144 1989 ,
192 1911 457 1977 aequiramus
489 1909 568 1974 adde
591 1910 645 1974 De
670 1929 766 1973 annos
791 1910 876 1986 Nee,
910 1911 983 1994 quia
1008 1910 1041 1973 in
1071 1910 1295 1975 sexcentesimo

139 2022 174 2076 15
191 2018 276 2082 uitae
315 2017 380 2080 eius
418 2034 498 2079 anna
537 2014 690 2078 diluuium
724 2015 845 2078 factum
876 2016 939 2077 est:
976 2017 1071 2097 atque
1099 2014 1144 2079 ita
1172 2016 1223 2091 fit,
1261 2018 1297 2079 ut

191 2104 425 2187 Deceanxrx
452 2139 532 2184 anna
563 2119 649 2183 uitae
681 2138 755 2183 suae
784 2119 966 2183 Mathusala
998 2121 1142 2183 mortuus
1174 2120 1224 2197 sit,
1259 2139 1296 2185 ee

136 2265 141 2275 ·
191 2245 272 2290 anno
296 2244 355 2307 qua
380 2224 482 2307 eoepit
505 2240 573 2287 esse
597 2222 758 2287 diluuium,

277 2332 318 2391 El
341 2333 461 2392 ae'eaeeil
490 2349 593 2391 nemea
625 2332 690 2389 elas
712 2327 776 2389 Nee
808 2327 909 2389 dicens
948 2328 1009 2388 Isle
1035 2331 1217 2408 requiescere
1245 2349 1297 2389 aaa

182 2435 281 2514 saciet
303 2438 337 2497 eh
361 2413 500 2517 aperlhes
520 2436 638 2495 eastris.
683 2431 751 2494 Nee
773 2429 897 2513 requies
919 2429 1152 2512 interpretatam.
1197 2430 1236 2494 ab
1258 2450 1294 2494 ee

133 2549 173 2603 20
190 2538 305 2619 igitur,
333 2537 416 2620 qued
445 2537 502 2601 sub
524 2535 579 2599 ille
603 2536 708 2599 emnia
732 2536 816 2598 retra
841 2554 934 2617 opera
957 2536 1142 2617 quieuerunt
1170 2532 1231 2617 per
1248 2534 1296 2598 di-

189 2640 333 2718 luiuum,-
348 2640 524 2723 appellatus
550 2641 599 2704 est
620 2639 750 2721 requies.

282 2748 416 2809 Ue'eleales
439 2752 536 2808 aulem
559 2746 623 2825 filil
643 2746 693 2806 elea'
718 2745 800 2819 filies
824 2747 977 2807 herluinum
1005 2749 1077 2826 qula
1102 2748 1192 2809 bonae
1218 2751 1295 2809 saal.

189 2849 319 2914 uerbum
349 2849 530 2913 hebraicum
567 2852 655 2911 eloim
690 2847 865 2913 communis
896 2850 944 2911 est
976 2849 1116 2913 numeri:
1157 2850 1190 2912 et
1219 2848 1295 2913 deus

189 2953 301 3036 quippe
337 2955 370 3017 et
406 2952 438 3015 di
474 2952 618 3017 similiter
648 2952 862 3034 appellantur:
905 2954 1032 3034 prepter
1069 2953 1148 3035 qued
1179 2952 1295 3036 Aquila

131 3074 170 3127 25
188 3056 304 3140 plurali
331 3076 460 3123 numere
483 3057 564 3121 filies
588 3058 710 3121 deorum
732 3076 827 3140 ausus
852 3058 901 3120 est
924 3043 1038 3133 dicere,
1071 3056 1145 3121 dees
1170 3057 1295 3126 intelle-

189 3181 267 3245 gens
287 3164 412 3227 sanetas
435 3162 500 3226 siue
525 3160 662 3245 angeles.
708 3162 780 3224 dees
803 3166 880 3224 enirn
902 3166 983 3224 stelit
1003 3167 1034 3224 ia
1056 3184 1206 3245 speaqepe
1230 3164 1296 3226 elea

188 3289 273 3329 rem:
308 3272 340 3329 e‘a
366 3268 462 3330 medio
494 3271 591 3329 aulem
622 3266 690 3329 eleae
717 3266 867 3329 diener-ea.
928 3264 1009 3329 unde
1034 3269 1066 3331 et
1088 3266 1295 3349 Symmachus

187 3369 387 3435 istiusmodi
416 3389 543 3434 sensum
571 3388 703 3450 sequens
725 3368 769 3433 ait
791 3371 924 3432 uidentes
940 3371 1011 3450 filii
1029 3376 1192 3453 potentiam
1206 3372 1296 3452 filias

187 3479 340 3539 homiaem
363 3474 547 3556 etreliqua.
948 3550 951 3560 Δ

112 3597 170 3665 ,3ο
276 3582 317 3642 Ill
339 3580 419 3642 ‹llae'l
441 3581 578 3643 damiatae
600 3580 673 3641 eleas
702 3579 771 3641 Noa
785 3582 973 3661 permanebit
999 3584 1126 3662 spirtius
1150 3603 1234 3643 meae
1262 3586 1295 3644 e'a

187 3686 358 3747 homenibus
384 3688 451 3745 elleh
476 3689 508 3746 ia
535 3690 699 3759 aeternam,
734 3687 806 3764 qee'a
833 3704 936 3745 earnes
961 3690 1038 3746 saal.
1097 3683 1129 3746 in
1160 3682 1294 3747 hebraee

107 3774 110 3781 ¹
188 3787 340 3870 seriptum
365 3789 412 3853 est
433 3811 490 3852 aaa
512 3790 657 3865 lede‘eabe'l
676 3791 802 3870 spiritus
821 3809 904 3849 meas
922 3791 1055 3850 lamiam
1073 3793 1147 3851 elates
1167 3794 1199 3850 la
1221 3813 1294 3853 aem-

181 3897 353 3975 pe'leraem,
391 3898 528 3975 querelem
556 3914 625 3955 aare
645 3896 729 3955 saal:
757 3891 817 3954 hoe
847 3893 910 3969 est,
942 3892 1014 3973 quia
1033 3892 1154 3975 fragilis
1183 3896 1233 3958 est
1260 3896 1294 3958 in

187 3996 313 4059 h'amine
346 3996 500 4073 conuiuio,
538 4014 600 4060 non
635 4014 687 4059 eos
721 3994 761 4057 ad
792 3997 939 4059 aeternas
966 3998 1098 4061 seruabe
1128 3999 1293 4077 eruciatus,

260 4186 293 4239 18
311 4187 365 4236 Gen
385 4186 408 4247 5,
428 4185 532 4251 29122
553 4189 606 4237 Gen
626 4189 650 4251 6,
669 4187 756 4253 2126
773 4188 860 4236 Psalm
878 4186 920 4249 82,
941 4186 955 4237 1
973 4187 977 4250 Ι
993 4187 1028 4238 30
1047 4188 1101 4238 Gen
1120 4188 1144 4247 6,
1162 4188 1180 4239 3

257 4333 292 4388 34
310 4334 421 4385 conditio
439 4341 499 4407 βγφ
