<?xml version="1.0" encoding="UTF-8"?>
<!DOCTYPE html PUBLIC "-//W3C//DTD XHTML 1.0 Transitional//EN"
    "http://www.w3.org/TR/xhtml1/DTD/xhtml1-transitional.dtd">
<html xmlns="http://www.w3.org/1999/xhtml" xml:lang="en" lang="en">
 <head>
  <title>
</title>
<meta http-equiv="Content-Type" content="text/html;charset=utf-8" />
  <meta name='ocr-system' content='tesseract 3.04.00' />
  <meta name='ocr-capabilities' content='ocr_page ocr_carea ocr_par ocr_line ocrx_word'/>
</head>
<body>
  <div class='ocr_page' id='page_1' title='image "./hieronymiquaest00lagagoog_0043.png"; bbox 0 0 3125 5167; ppageno 0'>
   <div class='ocr_carea' id='block_1_1' title="bbox 1253 401 1285 455">
    <p class='ocr_par' dir='ltr' id='par_1_1' title="bbox 1253 401 1285 455">
     <span class='ocr_line' id='line_1_1' title="bbox 1253 401 1285 455; baseline 0 0"><span class='ocrx_word' id='word_1_1' title='bbox 1253 401 1285 455; x_wconf 83' lang='lat'>31</span> 
     </span>
    </p>
   </div>
   <div class='ocr_carea' id='block_1_2' title="bbox 116 565 1380 3674">
    <p class='ocr_par' dir='ltr' id='par_1_2' title="bbox 116 565 1380 3674">
     <span class='ocr_line' id='line_1_2' title="bbox 142 565 1291 650; baseline -0.003 -19"><span class='ocrx_word' id='word_1_2' title='bbox 142 586 159 639; x_wconf 93' lang='lat'>1</span> <span class='ocrx_word' id='word_1_3' title='bbox 183 586 217 631; x_wconf 85' lang='lat' dir='ltr'>ex</span> <span class='ocrx_word' id='word_1_4' title='bbox 237 568 327 649; x_wconf 86' lang='lat' dir='ltr'>perte</span> <span class='ocrx_word' id='word_1_5' title='bbox 349 585 459 631; x_wconf 87' lang='lat' dir='ltr'>sensus</span> <span class='ocrx_word' id='word_1_6' title='bbox 479 565 613 632; x_wconf 89' lang='lat' dir='ltr'>nominis</span> <span class='ocrx_word' id='word_1_7' title='bbox 636 567 668 630; x_wconf 87' lang='lat' dir='ltr'>et</span> <span class='ocrx_word' id='word_1_8' title='bbox 690 584 726 631; x_wconf 82' lang='lat' dir='ltr'>cx</span> <span class='ocrx_word' id='word_1_9' title='bbox 751 567 841 647; x_wconf 86' lang='lat' dir='ltr'>parte</span> <span class='ocrx_word' id='word_1_10' title='bbox 867 565 935 650; x_wconf 84' lang='lat' dir='ltr'>ipse</span> <span class='ocrx_word' id='word_1_11' title='bbox 965 565 1144 631; x_wconf 83' lang='lat' dir='ltr'>sit&#39;sermo.</span> <span class='ocrx_word' id='word_1_12' title='bbox 1195 570 1291 629; x_wconf 83' lang='lat' dir='ltr'>ommi</span> 
     </span>
     <span class='ocr_line' id='line_1_3' title="bbox 183 669 1263 754; baseline -0.002 -19"><span class='ocrx_word' id='word_1_13' title='bbox 183 673 284 749; x_wconf 85' lang='lat' dir='ltr'>enim,</span> <span class='ocrx_word' id='word_1_14' title='bbox 308 691 326 735; x_wconf 94' lang='lat' dir='ltr'>a</span> <span class='ocrx_word' id='word_1_15' title='bbox 350 691 409 754; x_wconf 93' lang='lat' dir='ltr'>quo</span> <span class='ocrx_word' id='word_1_16' title='bbox 434 669 842 748; x_wconf 61' lang='lat' dir='ltr'>elemosimarum,</span> <span class='ocrx_word' id='word_1_17' title='bbox 864 672 995 735; x_wconf 89' lang='lat' dir='ltr'>uocatur</span> <span class='ocrx_word' id='word_1_18' title='bbox 1014 669 1148 753; x_wconf 87' lang='lat' dir='ltr'>populus</span> <span class='ocrx_word' id='word_1_19' title='bbox 1166 688 1263 735; x_wconf 87' lang='lat' dir='ltr'>meus.</span> 
     </span>
     <span class='ocr_line' id='line_1_4' title="bbox 155 776 1287 858; baseline 0.002 -21"><span class='ocrx_word' id='word_1_20' title='bbox 155 792 157 797; x_wconf 79' lang='grc'>’</span> <span class='ocrx_word' id='word_1_21' title='bbox 267 778 384 838; x_wconf 80' lang='lat' dir='ltr'>Etenim</span> <span class='ocrx_word' id='word_1_22' title='bbox 407 798 477 839; x_wconf 84' lang='lat' dir='ltr'>uere</span> <span class='ocrx_word' id='word_1_23' title='bbox 503 796 589 839; x_wconf 85' lang='lat' dir='ltr'>soror</span> <span class='ocrx_word' id='word_1_24' title='bbox 608 797 673 839; x_wconf 82' lang='lat' dir='ltr'>meo</span> <span class='ocrx_word' id='word_1_25' title='bbox 695 781 738 839; x_wconf 85' lang='lat' dir='ltr'>est</span> <span class='ocrx_word' id='word_1_26' title='bbox 765 776 801 837; x_wconf 86' lang='lat' dir='ltr'>de</span> <span class='ocrx_word' id='word_1_27' title='bbox 816 781 924 858; x_wconf 76' lang='lat' dir='ltr'>putre,</span> <span class='ocrx_word' id='word_1_28' title='bbox 951 776 1003 837; x_wconf 84' lang='lat' dir='ltr'>sed</span> <span class='ocrx_word' id='word_1_29' title='bbox 1030 798 1086 838; x_wconf 82' lang='lat' dir='ltr'>noo</span> <span class='ocrx_word' id='word_1_30' title='bbox 1117 796 1156 838; x_wconf 76' lang='lat' dir='ltr'>ec</span> <span class='ocrx_word' id='word_1_31' title='bbox 1185 780 1287 839; x_wconf 83' lang='lat' dir='ltr'>matre.</span> 
     </span>
     <span class='ocr_line' id='line_1_5' title="bbox 181 877 1380 968; baseline 0.001 -26"><span class='ocrx_word' id='word_1_32' title='bbox 181 878 213 942; x_wconf 90' lang='lat' dir='ltr'>id</span> <span class='ocrx_word' id='word_1_33' title='bbox 234 882 282 943; x_wconf 88' lang='lat' dir='ltr'>est</span> <span class='ocrx_word' id='word_1_34' title='bbox 304 878 415 968; x_wconf 83' lang='lat' dir='ltr'>fratris</span> <span class='ocrx_word' id='word_1_35' title='bbox 435 879 502 943; x_wconf 87' lang='lat' dir='ltr'>cius</span> <span class='ocrx_word' id='word_1_36' title='bbox 523 882 571 943; x_wconf 88' lang='lat' dir='ltr'>est</span> <span class='ocrx_word' id='word_1_37' title='bbox 595 879 682 943; x_wconf 81' lang='lat' dir='ltr'>Aran</span> <span class='ocrx_word' id='word_1_38' title='bbox 704 878 786 956; x_wconf 88' lang='lat' dir='ltr'>filia,</span> <span class='ocrx_word' id='word_1_39' title='bbox 817 898 879 943; x_wconf 92' lang='lat' dir='ltr'>non</span> <span class='ocrx_word' id='word_1_40' title='bbox 899 877 1023 943; x_wconf 89' lang='lat' dir='ltr'>sororis.</span> <span class='ocrx_word' id='word_1_41' title='bbox 1067 879 1122 942; x_wconf 90' lang='lat' dir='ltr'>sed</span> <span class='ocrx_word' id='word_1_42' title='bbox 1151 880 1224 961; x_wconf 88' lang='lat' dir='ltr'>quia</span> <span class='ocrx_word' id='word_1_43' title='bbox 1255 880 1289 943; x_wconf 92' lang='lat' dir='ltr'>in</span> <span class='ocrx_word' id='word_1_44' title='bbox 1375 914 1380 923; x_wconf 87' lang='lat'><strong>·</strong></span> 
     </span>
     <span class='ocr_line' id='line_1_6' title="bbox 143 982 1289 1068; baseline 0.001 -23"><span class='ocrx_word' id='word_1_45' title='bbox 143 991 162 1045; x_wconf 84' lang='lat'>5</span> <span class='ocrx_word' id='word_1_46' title='bbox 181 982 313 1047; x_wconf 83' lang='lat' dir='ltr'>hebraeo</span> <span class='ocrx_word' id='word_1_47' title='bbox 336 984 432 1047; x_wconf 86' lang='lat' dir='ltr'>habet</span> <span class='ocrx_word' id='word_1_48' title='bbox 455 1007 524 1047; x_wconf 84' lang='lat' dir='ltr'>uere</span> <span class='ocrx_word' id='word_1_49' title='bbox 544 1005 630 1047; x_wconf 80' lang='lat' dir='ltr'>soror</span> <span class='ocrx_word' id='word_1_50' title='bbox 652 1006 717 1047; x_wconf 84' lang='lat' dir='ltr'>mco</span> <span class='ocrx_word' id='word_1_51' title='bbox 732 989 782 1060; x_wconf 82' lang='lat' dir='ltr'>est,</span> <span class='ocrx_word' id='word_1_52' title='bbox 803 984 872 1062; x_wconf 76' lang='lat' dir='ltr'>filio</span> <span class='ocrx_word' id='word_1_53' title='bbox 889 988 992 1068; x_wconf 79' lang='lat' dir='ltr'>putris</span> <span class='ocrx_word' id='word_1_54' title='bbox 1011 988 1073 1046; x_wconf 80' lang='lat' dir='ltr'>mei</span> <span class='ocrx_word' id='word_1_55' title='bbox 1093 989 1121 1049; x_wconf 83' lang='lat' dir='ltr'>et</span> <span class='ocrx_word' id='word_1_56' title='bbox 1144 1005 1200 1046; x_wconf 84' lang='lat' dir='ltr'>oon</span> <span class='ocrx_word' id='word_1_57' title='bbox 1214 984 1289 1064; x_wconf 79' lang='lat' dir='ltr'>filio</span> 
     </span>
     <span class='ocr_line' id='line_1_7' title="bbox 179 1085 1288 1171; baseline 0.001 -22"><span class='ocrx_word' id='word_1_58' title='bbox 179 1092 287 1150; x_wconf 76' lang='lat' dir='ltr'>matris</span> <span class='ocrx_word' id='word_1_59' title='bbox 308 1109 388 1150; x_wconf 83' lang='lat' dir='ltr'>meuc</span> <span class='ocrx_word' id='word_1_60' title='bbox 419 1090 450 1151; x_wconf 92' lang='lat' dir='ltr'>et</span> <span class='ocrx_word' id='word_1_61' title='bbox 472 1088 572 1171; x_wconf 84' lang='lat' dir='ltr'>magis</span> <span class='ocrx_word' id='word_1_62' title='bbox 602 1088 693 1151; x_wconf 89' lang='lat' dir='ltr'>sonat</span> <span class='ocrx_word' id='word_1_63' title='bbox 722 1085 805 1169; x_wconf 87' lang='lat' dir='ltr'>quod</span> <span class='ocrx_word' id='word_1_64' title='bbox 836 1104 922 1151; x_wconf 87' lang='lat' dir='ltr'>soror</span> <span class='ocrx_word' id='word_1_65' title='bbox 944 1085 1090 1150; x_wconf 75' lang='lat' dir='ltr'><strong>Abrahae</strong></span> <span class='ocrx_word' id='word_1_66' title='bbox 1120 1086 1230 1163; x_wconf 82' lang='lat' dir='ltr'>fuerit,</span> <span class='ocrx_word' id='word_1_67' title='bbox 1254 1088 1288 1150; x_wconf 87' lang='lat' dir='ltr'>in</span> 
     </span>
     <span class='ocr_line' id='line_1_8' title="bbox 183 1189 1287 1272; baseline 0.001 -18"><span class='ocrx_word' id='word_1_68' title='bbox 183 1192 411 1256; x_wconf 85' lang='lat' dir='ltr'>excusationem</span> <span class='ocrx_word' id='word_1_69' title='bbox 433 1192 500 1256; x_wconf 90' lang='lat' dir='ltr'>eius</span> <span class='ocrx_word' id='word_1_70' title='bbox 517 1191 649 1256; x_wconf 77' lang='lat' dir='ltr'><strong>dicimus</strong></span> <span class='ocrx_word' id='word_1_71' title='bbox 669 1190 805 1255; x_wconf 83' lang='lat' dir='ltr'>necdum</span> <span class='ocrx_word' id='word_1_72' title='bbox 826 1190 882 1253; x_wconf 93' lang='lat' dir='ltr'>illo</span> <span class='ocrx_word' id='word_1_73' title='bbox 903 1192 1044 1272; x_wconf 87' lang='lat' dir='ltr'>tempore</span> <span class='ocrx_word' id='word_1_74' title='bbox 1059 1189 1140 1253; x_wconf 86' lang='lat' dir='ltr'>tales</span> <span class='ocrx_word' id='word_1_75' title='bbox 1161 1192 1287 1272; x_wconf 88' lang='lat' dir='ltr'>nuptias</span> 
     </span>
     <span class='ocr_line' id='line_1_9' title="bbox 184 1295 458 1379; baseline 0.004 -21"><span class='ocrx_word' id='word_1_76' title='bbox 184 1295 255 1378; x_wconf 85' lang='lat' dir='ltr'>lege</span> <span class='ocrx_word' id='word_1_77' title='bbox 278 1296 458 1379; x_wconf 87' lang='lat' dir='ltr'>prohibitas.</span> 
     </span>
     <span class='ocr_line' id='line_1_10' title="bbox 267 1401 1287 1484; baseline 0.002 -21"><span class='ocrx_word' id='word_1_78' title='bbox 267 1404 317 1463; x_wconf 65' lang='grc' dir='ltr'>ΕΙ</span> <span class='ocrx_word' id='word_1_79' title='bbox 347 1403 425 1465; x_wconf 80' lang='lat' dir='ltr'>uidit</span> <span class='ocrx_word' id='word_1_80' title='bbox 461 1402 538 1464; x_wconf 83' lang='lat' dir='ltr'>Suro</span> <span class='ocrx_word' id='word_1_81' title='bbox 568 1403 674 1482; x_wconf 81' lang='lat' dir='ltr'>fllium</span> <span class='ocrx_word' id='word_1_82' title='bbox 709 1401 797 1484; x_wconf 63' lang='lat' dir='ltr'>Andr</span> <span class='ocrx_word' id='word_1_83' title='bbox 838 1406 1007 1483; x_wconf 69' lang='lat' dir='ltr'>aeyyptioe,</span> <span class='ocrx_word' id='word_1_84' title='bbox 1051 1422 1136 1482; x_wconf 70' lang='lat' dir='ltr'>cerem</span> <span class='ocrx_word' id='word_1_85' title='bbox 1172 1407 1287 1483; x_wconf 77' lang='lat' dir='ltr'><em>peperit</em></span> 
     </span>
     <span class='ocr_line' id='line_1_11' title="bbox 125 1504 1287 1589; baseline 0.002 -22"><span class='ocrx_word' id='word_1_86' title='bbox 125 1516 163 1568; x_wconf 90' lang='lat'>10</span> <span class='ocrx_word' id='word_1_87' title='bbox 180 1506 336 1583; x_wconf 78' lang='lat' dir='ltr'>Abrabae,</span> <span class='ocrx_word' id='word_1_88' title='bbox 364 1507 519 1569; x_wconf 80' lang='lat' dir='ltr'>ludentem.</span> <span class='ocrx_word' id='word_1_89' title='bbox 565 1505 647 1587; x_wconf 92' lang='lat' dir='ltr'>quod</span> <span class='ocrx_word' id='word_1_90' title='bbox 670 1504 812 1589; x_wconf 85' lang='lat' dir='ltr'>sequitur</span> <span class='ocrx_word' id='word_1_91' title='bbox 832 1526 899 1568; x_wconf 82' lang='lat' dir='ltr'>cum</span> <span class='ocrx_word' id='word_1_92' title='bbox 920 1507 1007 1567; x_wconf 78' lang='lat' dir='ltr'>[ecoe</span> <span class='ocrx_word' id='word_1_93' title='bbox 1020 1505 1093 1585; x_wconf 79' lang='lat' dir='ltr'>filio</span> <span class='ocrx_word' id='word_1_94' title='bbox 1114 1525 1183 1581; x_wconf 82' lang='lat' dir='ltr'>eoo,</span> <span class='ocrx_word' id='word_1_95' title='bbox 1225 1525 1287 1569; x_wconf 91' lang='lat' dir='ltr'>non</span> 
     </span>
     <span class='ocr_line' id='line_1_12' title="bbox 181 1607 1287 1692; baseline 0 -20"><span class='ocrx_word' id='word_1_96' title='bbox 181 1610 276 1674; x_wconf 88' lang='lat' dir='ltr'>habet</span> <span class='ocrx_word' id='word_1_97' title='bbox 298 1612 331 1673; x_wconf 89' lang='lat' dir='ltr'>in</span> <span class='ocrx_word' id='word_1_98' title='bbox 347 1610 491 1674; x_wconf 87' lang='lat' dir='ltr'>hebraeo.</span> <span class='ocrx_word' id='word_1_99' title='bbox 535 1609 701 1691; x_wconf 80' lang='lat' dir='ltr'>dupliciter</span> <span class='ocrx_word' id='word_1_100' title='bbox 722 1610 828 1692; x_wconf 91' lang='lat' dir='ltr'>itaque</span> <span class='ocrx_word' id='word_1_101' title='bbox 851 1607 972 1673; x_wconf 80' lang='lat' dir='ltr'>hoc&#39;ab</span> <span class='ocrx_word' id='word_1_102' title='bbox 987 1607 1139 1673; x_wconf 77' lang='lat' dir='ltr'>Hebraeis</span> <span class='ocrx_word' id='word_1_103' title='bbox 1161 1609 1287 1691; x_wconf 82' lang='lat' dir='ltr'>exponi·</span> 
     </span>
     <span class='ocr_line' id='line_1_13' title="bbox 181 1712 1288 1797; baseline -0.001 -19"><span class='ocrx_word' id='word_1_104' title='bbox 181 1716 233 1778; x_wconf 90' lang='lat' dir='ltr'>tur</span> <span class='ocrx_word' id='word_1_105' title='bbox 257 1752 297 1759; x_wconf 42' lang='grc' dir='ltr'><strong><em>ψ</em></strong></span> <span class='ocrx_word' id='word_1_106' title='bbox 316 1714 382 1778; x_wconf 92' lang='lat' dir='ltr'>siue</span> <span class='ocrx_word' id='word_1_107' title='bbox 406 1714 486 1797; x_wconf 90' lang='lat' dir='ltr'>quod</span> <span class='ocrx_word' id='word_1_108' title='bbox 508 1713 592 1777; x_wconf 90' lang='lat' dir='ltr'>idola</span> <span class='ocrx_word' id='word_1_109' title='bbox 618 1713 693 1777; x_wconf 91' lang='lat' dir='ltr'>ludo</span> <span class='ocrx_word' id='word_1_110' title='bbox 715 1713 839 1790; x_wconf 86' lang='lat' dir='ltr'>fecerit,</span> <span class='ocrx_word' id='word_1_111' title='bbox 864 1713 953 1777; x_wconf 81' lang='lat' dir='ltr'>iuxta</span> <span class='ocrx_word' id='word_1_112' title='bbox 976 1712 1068 1789; x_wconf 87' lang='lat' dir='ltr'>illud,</span> <span class='ocrx_word' id='word_1_113' title='bbox 1106 1712 1288 1794; x_wconf 82' lang='lat' dir='ltr'>quod-alibi</span> 
     </span>
     <span class='ocr_line' id='line_1_14' title="bbox 181 1819 1288 1902; baseline -0.002 -21"><span class='ocrx_word' id='word_1_114' title='bbox 181 1819 332 1902; x_wconf 85' lang='lat' dir='ltr'>scriptum</span> <span class='ocrx_word' id='word_1_115' title='bbox 356 1820 405 1883; x_wconf 83' lang='lat' dir='ltr'>est</span> <span class='ocrx_word' id='word_1_116' title='bbox 428 1820 503 1881; x_wconf 84' lang='lat' dir='ltr'>sedit</span> <span class='ocrx_word' id='word_1_117' title='bbox 518 1820 651 1901; x_wconf 77' lang='lat' dir='ltr'>populus</span> <span class='ocrx_word' id='word_1_118' title='bbox 664 1820 844 1881; x_wconf 75' lang='lat' dir='ltr'>munducare</span> <span class='ocrx_word' id='word_1_119' title='bbox 858 1823 886 1880; x_wconf 86' lang='lat' dir='ltr'>ct</span> <span class='ocrx_word' id='word_1_120' title='bbox 908 1821 1022 1893; x_wconf 80' lang='lat' dir='ltr'>bebere,</span> <span class='ocrx_word' id='word_1_121' title='bbox 1043 1822 1071 1880; x_wconf 85' lang='lat' dir='ltr'>et</span> <span class='ocrx_word' id='word_1_122' title='bbox 1092 1823 1288 1880; x_wconf 68' lang='lat' dir='ltr'>surrexerunt</span> 
     </span>
     <span class='ocr_line' id='line_1_15' title="bbox 180 1920 1285 2005; baseline -0.001 -20"><span class='ocrx_word' id='word_1_123' title='bbox 180 1924 282 1986; x_wconf 81' lang='lat' dir='ltr'>ludere</span> <span class='ocrx_word' id='word_1_124' title='bbox 301 1960 345 1968; x_wconf 91' lang='lat'>—-</span> <span class='ocrx_word' id='word_1_125' title='bbox 361 1922 426 1990; x_wconf 87' lang='lat' dir='ltr'>siue</span> <span class='ocrx_word' id='word_1_126' title='bbox 451 1920 532 2005; x_wconf 89' lang='lat' dir='ltr'>quod</span> <span class='ocrx_word' id='word_1_127' title='bbox 561 1922 727 1986; x_wconf 88' lang='lat' dir='ltr'>aduersum</span> <span class='ocrx_word' id='word_1_128' title='bbox 750 1922 854 1999; x_wconf 85' lang='lat' dir='ltr'>Isaac,</span> <span class='ocrx_word' id='word_1_129' title='bbox 894 1923 982 2004; x_wconf 85' lang='lat' dir='ltr'>quasi</span> <span class='ocrx_word' id='word_1_130' title='bbox 1011 1921 1139 1985; x_wconf 87' lang='lat' dir='ltr'>maioris</span> <span class='ocrx_word' id='word_1_131' title='bbox 1163 1921 1285 1997; x_wconf 81' lang='lat' dir='ltr'>aetatis,</span> 
     </span>
     <span class='ocr_line' id='line_1_16' title="bbox 123 2024 1286 2110; baseline -0.003 -17"><span class='ocrx_word' id='word_1_132' title='bbox 123 2040 160 2095; x_wconf 86' lang='lat'>15</span> <span class='ocrx_word' id='word_1_133' title='bbox 180 2029 247 2091; x_wconf 89' lang='lat' dir='ltr'>ioco</span> <span class='ocrx_word' id='word_1_134' title='bbox 269 2028 329 2091; x_wconf 86' lang='lat' dir='ltr'>sibl</span> <span class='ocrx_word' id='word_1_135' title='bbox 351 2029 383 2090; x_wconf 87' lang='lat' dir='ltr'>et</span> <span class='ocrx_word' id='word_1_136' title='bbox 402 2026 476 2090; x_wconf 93' lang='lat' dir='ltr'>ludo</span> <span class='ocrx_word' id='word_1_137' title='bbox 496 2026 705 2110; x_wconf 84' lang='lat' dir='ltr'>primogenita</span> <span class='ocrx_word' id='word_1_138' title='bbox 727 2026 919 2091; x_wconf 84' lang='lat' dir='ltr'>nendicaret.</span> <span class='ocrx_word' id='word_1_139' title='bbox 963 2025 1045 2107; x_wconf 90' lang='lat' dir='ltr'>quod</span> <span class='ocrx_word' id='word_1_140' title='bbox 1068 2024 1193 2107; x_wconf 88' lang='lat' dir='ltr'>quidem</span> <span class='ocrx_word' id='word_1_141' title='bbox 1210 2024 1286 2089; x_wconf 84' lang='lat' dir='ltr'>Sara</span> 
     </span>
     <span class='ocr_line' id='line_1_17' title="bbox 181 2130 1286 2214; baseline -0.001 -20"><span class='ocrx_word' id='word_1_142' title='bbox 181 2130 308 2195; x_wconf 87' lang='lat' dir='ltr'>audiens</span> <span class='ocrx_word' id='word_1_143' title='bbox 339 2150 400 2195; x_wconf 92' lang='lat' dir='ltr'>non</span> <span class='ocrx_word' id='word_1_144' title='bbox 423 2131 513 2195; x_wconf 89' lang='lat' dir='ltr'>tulit:</span> <span class='ocrx_word' id='word_1_145' title='bbox 543 2133 575 2195; x_wconf 90' lang='lat' dir='ltr'>et</span> <span class='ocrx_word' id='word_1_146' title='bbox 596 2132 657 2195; x_wconf 89' lang='lat' dir='ltr'>hoc</span> <span class='ocrx_word' id='word_1_147' title='bbox 681 2150 716 2194; x_wconf 83' lang='lat' dir='ltr'>ex</span> <span class='ocrx_word' id='word_1_148' title='bbox 740 2130 838 2214; x_wconf 86' lang='lat' dir='ltr'>ipsius</span> <span class='ocrx_word' id='word_1_149' title='bbox 859 2131 1050 2213; x_wconf 84' lang='lat' dir='ltr'>approbatur</span> <span class='ocrx_word' id='word_1_150' title='bbox 1072 2148 1213 2195; x_wconf 89' lang='lat' dir='ltr'>sermone</span> <span class='ocrx_word' id='word_1_151' title='bbox 1238 2130 1286 2193; x_wconf 89' lang='lat' dir='ltr'>di-</span> 
     </span>
     <span class='ocr_line' id='line_1_18' title="bbox 180 2235 1287 2316; baseline 0 -19"><span class='ocrx_word' id='word_1_152' title='bbox 180 2235 278 2299; x_wconf 80' lang='lat' dir='ltr'>sentis</span> <span class='ocrx_word' id='word_1_153' title='bbox 315 2240 374 2299; x_wconf 84' lang='lat' dir='ltr'>eo&#39;cc</span> <span class='ocrx_word' id='word_1_154' title='bbox 411 2239 552 2299; x_wconf 81' lang='lat' dir='ltr'>eccillum</span> <span class='ocrx_word' id='word_1_155' title='bbox 580 2239 655 2298; x_wconf 84' lang='lat' dir='ltr'>buno</span> <span class='ocrx_word' id='word_1_156' title='bbox 691 2258 757 2298; x_wconf 84' lang='lat' dir='ltr'>cum</span> <span class='ocrx_word' id='word_1_157' title='bbox 778 2236 851 2316; x_wconf 78' lang='lat' dir='ltr'>filio</span> <span class='ocrx_word' id='word_1_158' title='bbox 880 2258 942 2299; x_wconf 84' lang='lat' dir='ltr'>suo.</span> <span class='ocrx_word' id='word_1_159' title='bbox 1000 2258 1057 2299; x_wconf 81' lang='lat' dir='ltr'>ooo</span> <span class='ocrx_word' id='word_1_160' title='bbox 1089 2240 1166 2298; x_wconf 77' lang='lat' dir='ltr'>enine</span> <span class='ocrx_word' id='word_1_161' title='bbox 1202 2238 1287 2299; x_wconf 83' lang='lat' dir='ltr'>berec</span> 
     </span>
     <span class='ocr_line' id='line_1_19' title="bbox 178 2326 865 2421; baseline 0.001 -20"><span class='ocrx_word' id='word_1_162' title='bbox 178 2344 236 2402; x_wconf 79' lang='lat' dir='ltr'>erit</span> <span class='ocrx_word' id='word_1_163' title='bbox 248 2340 340 2419; x_wconf 81' lang='lat' dir='ltr'>filius</span> <span class='ocrx_word' id='word_1_164' title='bbox 362 2343 489 2403; x_wconf 78' lang='lat' dir='ltr'>cucillae</span> <span class='ocrx_word' id='word_1_165' title='bbox 511 2326 577 2403; x_wconf 82' lang='lat' dir='ltr'>curn</span> <span class='ocrx_word' id='word_1_166' title='bbox 591 2342 663 2421; x_wconf 81' lang='lat' dir='ltr'>filio</span> <span class='ocrx_word' id='word_1_167' title='bbox 685 2362 748 2402; x_wconf 82' lang='lat' dir='ltr'>meo</span> <span class='ocrx_word' id='word_1_168' title='bbox 771 2343 865 2402; x_wconf 85' lang='lat' dir='ltr'>Isooc.</span> 
     </span>
     <span class='ocr_line' id='line_1_20' title="bbox 216 2445 1286 2528; baseline -0.001 -21"><span class='ocrx_word' id='word_1_169' title='bbox 216 2504 217 2507; x_wconf 74' lang='grc'>,</span> <span class='ocrx_word' id='word_1_170' title='bbox 265 2446 306 2506; x_wconf 84' lang='lat' dir='ltr'>Et</span> <span class='ocrx_word' id='word_1_171' title='bbox 330 2450 456 2528; x_wconf 73' lang='lat' dir='ltr'>sumpsit</span> <span class='ocrx_word' id='word_1_172' title='bbox 475 2466 570 2527; x_wconf 73' lang='lat' dir='ltr'>pones</span> <span class='ocrx_word' id='word_1_173' title='bbox 591 2450 619 2507; x_wconf 84' lang='lat' dir='ltr'>et</span> <span class='ocrx_word' id='word_1_174' title='bbox 646 2450 742 2507; x_wconf 82' lang='lat' dir='ltr'>utrem</span> <span class='ocrx_word' id='word_1_175' title='bbox 772 2466 865 2527; x_wconf 80' lang='lat' dir='ltr'>oquce</span> <span class='ocrx_word' id='word_1_176' title='bbox 891 2450 931 2507; x_wconf 83' lang='lat' dir='ltr'>ct.</span> <span class='ocrx_word' id='word_1_177' title='bbox 947 2446 1029 2506; x_wconf 79' lang='lat' dir='ltr'>dedit</span> <span class='ocrx_word' id='word_1_178' title='bbox 1049 2445 1151 2527; x_wconf 71' lang='lat' dir='ltr'>Aqor,</span> <span class='ocrx_word' id='word_1_179' title='bbox 1173 2466 1286 2526; x_wconf 75' lang='lat' dir='ltr'>ponens</span> 
     </span>
     <span class='ocr_line' id='line_1_21' title="bbox 117 2547 1283 2632; baseline 0 -22"><span class='ocrx_word' id='word_1_180' title='bbox 117 2566 157 2618; x_wconf 76' lang='lat'>20</span> <span class='ocrx_word' id='word_1_181' title='bbox 176 2556 266 2631; x_wconf 73' lang='lat' dir='ltr'>supa·</span> <span class='ocrx_word' id='word_1_182' title='bbox 296 2570 433 2611; x_wconf 82' lang='lat' dir='ltr'>umerum</span> <span class='ocrx_word' id='word_1_183' title='bbox 462 2553 527 2611; x_wconf 77' lang='lat' dir='ltr'>etas</span> <span class='ocrx_word' id='word_1_184' title='bbox 556 2554 583 2612; x_wconf 83' lang='lat' dir='ltr'>et</span> <span class='ocrx_word' id='word_1_185' title='bbox 610 2551 795 2632; x_wconf 76' lang='lat' dir='ltr'>paruolum,</span> <span class='ocrx_word' id='word_1_186' title='bbox 839 2554 868 2610; x_wconf 86' lang='lat' dir='ltr'>et</span> <span class='ocrx_word' id='word_1_187' title='bbox 897 2549 1014 2611; x_wconf 80' lang='lat' dir='ltr'>dime&#39;sit</span> <span class='ocrx_word' id='word_1_188' title='bbox 1039 2570 1112 2614; x_wconf 85' lang='lat' dir='ltr'>eom.</span> <span class='ocrx_word' id='word_1_189' title='bbox 1162 2547 1283 2630; x_wconf 87' lang='lat' dir='ltr'>quando</span> 
     </span>
     <span class='ocr_line' id='line_1_22' title="bbox 177 2651 1283 2734; baseline 0.002 -19"><span class='ocrx_word' id='word_1_190' title='bbox 177 2652 268 2715; x_wconf 86' lang='lat' dir='ltr'>Isaac</span> <span class='ocrx_word' id='word_1_191' title='bbox 290 2654 381 2716; x_wconf 89' lang='lat' dir='ltr'>natus</span> <span class='ocrx_word' id='word_1_192' title='bbox 405 2654 468 2731; x_wconf 84' lang='lat' dir='ltr'>est,</span> <span class='ocrx_word' id='word_1_193' title='bbox 490 2652 568 2716; x_wconf 88' lang='lat' dir='ltr'>XIH</span> <span class='ocrx_word' id='word_1_194' title='bbox 589 2672 739 2717; x_wconf 86' lang='lat' dir='ltr'>annorum</span> <span class='ocrx_word' id='word_1_195' title='bbox 767 2653 835 2716; x_wconf 87' lang='lat' dir='ltr'>erat</span> <span class='ocrx_word' id='word_1_196' title='bbox 858 2651 1003 2716; x_wconf 90' lang='lat' dir='ltr'>Ismahel.</span> <span class='ocrx_word' id='word_1_197' title='bbox 1049 2654 1174 2734; x_wconf 88' lang='lat' dir='ltr'>etpost</span> <span class='ocrx_word' id='word_1_198' title='bbox 1196 2654 1283 2717; x_wconf 86' lang='lat' dir='ltr'>abla-</span> 
     </span>
     <span class='ocr_line' id='line_1_23' title="bbox 179 2755 1283 2838; baseline 0.001 -19"><span class='ocrx_word' id='word_1_199' title='bbox 179 2756 345 2820; x_wconf 88' lang='lat' dir='ltr'>ctationem</span> <span class='ocrx_word' id='word_1_200' title='bbox 370 2756 435 2821; x_wconf 91' lang='lat' dir='ltr'>eius</span> <span class='ocrx_word' id='word_1_201' title='bbox 463 2755 617 2821; x_wconf 85' lang='lat' dir='ltr'>istecum</span> <span class='ocrx_word' id='word_1_202' title='bbox 645 2758 746 2821; x_wconf 89' lang='lat' dir='ltr'>matre</span> <span class='ocrx_word' id='word_1_203' title='bbox 771 2755 936 2838; x_wconf 73' lang='lat' dir='ltr'>expellitur</span> <span class='ocrx_word' id='word_1_204' title='bbox 959 2755 1061 2820; x_wconf 90' lang='lat' dir='ltr'>domo.</span> <span class='ocrx_word' id='word_1_205' title='bbox 1113 2758 1196 2821; x_wconf 88' lang='lat' dir='ltr'>inter</span> <span class='ocrx_word' id='word_1_206' title='bbox 1218 2758 1283 2820; x_wconf 91' lang='lat' dir='ltr'>He-</span> 
     </span>
     <span class='ocr_line' id='line_1_24' title="bbox 177 2859 1283 2944; baseline 0.002 -21"><span class='ocrx_word' id='word_1_207' title='bbox 177 2859 287 2924; x_wconf 88' lang='lat' dir='ltr'>braeos</span> <span class='ocrx_word' id='word_1_208' title='bbox 330 2861 436 2925; x_wconf 88' lang='lat' dir='ltr'>autem</span> <span class='ocrx_word' id='word_1_209' title='bbox 472 2859 561 2925; x_wconf 88' lang='lat' dir='ltr'>uaria</span> <span class='ocrx_word' id='word_1_210' title='bbox 591 2860 693 2944; x_wconf 87' lang='lat' dir='ltr'>opinio</span> <span class='ocrx_word' id='word_1_211' title='bbox 723 2862 786 2938; x_wconf 81' lang='lat' dir='ltr'>est,</span> <span class='ocrx_word' id='word_1_212' title='bbox 831 2860 1042 2924; x_wconf 73' lang='lat' dir='ltr'>asserentibus</span> <span class='ocrx_word' id='word_1_213' title='bbox 1076 2860 1146 2924; x_wconf 86' lang='lat' dir='ltr'>aliis</span> <span class='ocrx_word' id='word_1_214' title='bbox 1176 2861 1283 2942; x_wconf 87' lang='lat' dir='ltr'>quinto</span> 
     </span>
     <span class='ocr_line' id='line_1_25' title="bbox 178 2963 1283 3047; baseline 0.002 -19"><span class='ocrx_word' id='word_1_215' title='bbox 178 2968 258 3028; x_wconf 88' lang='lat' dir='ltr'>auno</span> <span class='ocrx_word' id='word_1_216' title='bbox 272 2963 489 3029; x_wconf 76' lang='lat' dir='ltr'>ablactationis</span> <span class='ocrx_word' id='word_1_217' title='bbox 512 2967 636 3047; x_wconf 86' lang='lat' dir='ltr'>tempus</span> <span class='ocrx_word' id='word_1_218' title='bbox 659 2966 814 3029; x_wconf 87' lang='lat' dir='ltr'>statutum</span> <span class='ocrx_word' id='word_1_219' title='bbox 831 2966 863 3029; x_wconf 89' lang='lat' dir='ltr'>ct</span> <span class='ocrx_word' id='word_1_220' title='bbox 878 2963 948 3028; x_wconf 88' lang='lat' dir='ltr'>aliis</span> <span class='ocrx_word' id='word_1_221' title='bbox 961 2964 1022 3027; x_wconf 85' lang='lat' dir='ltr'>Xll</span> <span class='ocrx_word' id='word_1_222' title='bbox 1037 2984 1153 3029; x_wconf 86' lang='lat' dir='ltr'>annum</span> <span class='ocrx_word' id='word_1_223' title='bbox 1174 2966 1283 3030; x_wconf 88' lang='lat' dir='ltr'>uendi-</span> 
     </span>
     <span class='ocr_line' id='line_1_26' title="bbox 120 3068 1283 3152; baseline 0.003 -20"><span class='ocrx_word' id='word_1_224' title='bbox 120 3068 329 3134; x_wconf 68' lang='lat' dir='ltr'>accentibus.</span> <span class='ocrx_word' id='word_1_225' title='bbox 380 3088 436 3133; x_wconf 89' lang='lat' dir='ltr'>nos</span> <span class='ocrx_word' id='word_1_226' title='bbox 459 3070 571 3151; x_wconf 83' lang='lat' dir='ltr'>igitur,</span> <span class='ocrx_word' id='word_1_227' title='bbox 594 3071 630 3133; x_wconf 91' lang='lat' dir='ltr'>ut</span> <span class='ocrx_word' id='word_1_228' title='bbox 652 3069 830 3134; x_wconf 90' lang='lat' dir='ltr'>breuiorem</span> <span class='ocrx_word' id='word_1_229' title='bbox 853 3068 1007 3151; x_wconf 85' lang='lat' dir='ltr'>eligamus</span> <span class='ocrx_word' id='word_1_230' title='bbox 1031 3069 1183 3147; x_wconf 86' lang='lat' dir='ltr'>aetatem,</span> <span class='ocrx_word' id='word_1_231' title='bbox 1211 3074 1283 3152; x_wconf 89' lang='lat' dir='ltr'>post</span> 
     </span>
     <span class='ocr_line' id='line_1_27' title="bbox 177 3164 1282 3257; baseline 0.002 -21"><span class='ocrx_word' id='word_1_232' title='bbox 177 3164 285 3236; x_wconf 85' lang='lat' dir='ltr'><strong>XVIII</strong></span> <span class='ocrx_word' id='word_1_233' title='bbox 315 3192 411 3237; x_wconf 87' lang='lat' dir='ltr'>annos</span> <span class='ocrx_word' id='word_1_234' title='bbox 444 3174 579 3237; x_wconf 87' lang='lat' dir='ltr'>Ismahel</span> <span class='ocrx_word' id='word_1_235' title='bbox 603 3172 842 3257; x_wconf 80' lang='lat' dir='ltr'>snpp‘utauimus</span> <span class='ocrx_word' id='word_1_236' title='bbox 866 3173 1000 3237; x_wconf 88' lang='lat' dir='ltr'>eiectum</span> <span class='ocrx_word' id='word_1_237' title='bbox 1024 3191 1090 3237; x_wconf 86' lang='lat' dir='ltr'>csse</span> <span class='ocrx_word' id='word_1_238' title='bbox 1114 3192 1186 3238; x_wconf 90' lang='lat' dir='ltr'>cum</span> <span class='ocrx_word' id='word_1_239' title='bbox 1213 3194 1282 3239; x_wconf 90' lang='lat' dir='ltr'>ma·</span> 
     </span>
     <span class='ocr_line' id='line_1_28' title="bbox 176 3276 1281 3354; baseline 0.002 -14"><span class='ocrx_word' id='word_1_240' title='bbox 176 3278 241 3354; x_wconf 89' lang='lat' dir='ltr'>tre,</span> <span class='ocrx_word' id='word_1_241' title='bbox 271 3278 302 3341; x_wconf 89' lang='lat' dir='ltr'>et</span> <span class='ocrx_word' id='word_1_242' title='bbox 325 3296 386 3341; x_wconf 91' lang='lat' dir='ltr'>non</span> <span class='ocrx_word' id='word_1_243' title='bbox 409 3278 575 3342; x_wconf 87' lang='lat' dir='ltr'>conuenire</span> <span class='ocrx_word' id='word_1_244' title='bbox 598 3277 663 3341; x_wconf 88' lang='lat' dir='ltr'>iarn</span> <span class='ocrx_word' id='word_1_245' title='bbox 686 3276 876 3342; x_wconf 88' lang='lat' dir='ltr'>adolescenti</span> <span class='ocrx_word' id='word_1_246' title='bbox 905 3277 1016 3341; x_wconf 86' lang='lat' dir='ltr'>matris</span> <span class='ocrx_word' id='word_1_247' title='bbox 1040 3276 1157 3341; x_wconf 83' lang='lat' dir='ltr'>sedisse</span> <span class='ocrx_word' id='word_1_248' title='bbox 1180 3279 1281 3342; x_wconf 90' lang='lat' dir='ltr'>cerui-</span> 
     </span>
     <span class='ocr_line' id='line_1_29' title="bbox 178 3372 1282 3466; baseline 0.004 -21"><span class='ocrx_word' id='word_1_249' title='bbox 178 3380 273 3445; x_wconf 88' lang='lat' dir='ltr'>cibus.</span> <span class='ocrx_word' id='word_1_250' title='bbox 325 3401 436 3447; x_wconf 89' lang='lat' dir='ltr'>uerum</span> <span class='ocrx_word' id='word_1_251' title='bbox 456 3384 510 3459; x_wconf 70' lang='lat' dir='ltr'>‚est</span> <span class='ocrx_word' id='word_1_252' title='bbox 538 3372 636 3466; x_wconf 88' lang='lat' dir='ltr'>igitur</span> <span class='ocrx_word' id='word_1_253' title='bbox 664 3381 743 3446; x_wconf 90' lang='lat' dir='ltr'>illud</span> <span class='ocrx_word' id='word_1_254' title='bbox 765 3382 982 3447; x_wconf 82' lang='lat' dir='ltr'>Hebraeorum</span> <span class='ocrx_word' id='word_1_255' title='bbox 1010 3380 1134 3464; x_wconf 81' lang='lat' dir='ltr'>linguae</span> <span class='ocrx_word' id='word_1_256' title='bbox 1165 3382 1282 3449; x_wconf 86' lang='lat' dir='ltr'>idioma</span> 
     </span>
     <span class='ocr_line' id='line_1_30' title="bbox 178 3485 1281 3569; baseline 0.002 -19"><span class='ocrx_word' id='word_1_257' title='bbox 178 3485 260 3569; x_wconf 89' lang='lat' dir='ltr'>quod</span> <span class='ocrx_word' id='word_1_258' title='bbox 283 3486 383 3551; x_wconf 90' lang='lat' dir='ltr'>omnis</span> <span class='ocrx_word' id='word_1_259' title='bbox 405 3486 489 3551; x_wconf 91' lang='lat' dir='ltr'>filius</span> <span class='ocrx_word' id='word_1_260' title='bbox 512 3486 551 3551; x_wconf 90' lang='lat' dir='ltr'>ad</span> <span class='ocrx_word' id='word_1_261' title='bbox 573 3487 838 3569; x_wconf 88' lang='lat' dir='ltr'>comparationem</span> <span class='ocrx_word' id='word_1_262' title='bbox 862 3487 1028 3569; x_wconf 87' lang='lat' dir='ltr'>parentum</span> <span class='ocrx_word' id='word_1_263' title='bbox 1055 3486 1158 3551; x_wconf 85' lang='lat' dir='ltr'>infans</span> <span class='ocrx_word' id='word_1_264' title='bbox 1186 3506 1281 3552; x_wconf 89' lang='lat' dir='ltr'>uoce-</span> 
     </span>
     <span class='ocr_line' id='line_1_31' title="bbox 116 3590 1281 3674; baseline 0.008 -27"><span class='ocrx_word' id='word_1_265' title='bbox 116 3595 157 3648; x_wconf 91' lang='lat'>30</span> <span class='ocrx_word' id='word_1_266' title='bbox 175 3592 226 3654; x_wconf 90' lang='lat' dir='ltr'>tur</span> <span class='ocrx_word' id='word_1_267' title='bbox 261 3593 293 3655; x_wconf 91' lang='lat' dir='ltr'>et</span> <span class='ocrx_word' id='word_1_268' title='bbox 322 3590 479 3674; x_wconf 88' lang='lat' dir='ltr'>paruulus.</span> <span class='ocrx_word' id='word_1_269' title='bbox 535 3611 591 3655; x_wconf 91' lang='lat' dir='ltr'>nec</span> <span class='ocrx_word' id='word_1_270' title='bbox 618 3592 768 3655; x_wconf 86' lang='lat' dir='ltr'>miremur</span> <span class='ocrx_word' id='word_1_271' title='bbox 796 3591 910 3655; x_wconf 86' lang='lat' dir='ltr'>habere</span> <span class='ocrx_word' id='word_1_272' title='bbox 941 3590 1108 3655; x_wconf 87' lang='lat' dir='ltr'>barbaram</span> <span class='ocrx_word' id='word_1_273' title='bbox 1138 3591 1281 3674; x_wconf 83' lang='lat' dir='ltr'>linguam</span> 
     </span>
    </p>
   </div>
   <div class='ocr_carea' id='block_1_3' title="bbox 175 3738 1264 3891">
    <p class='ocr_par' dir='ltr' id='par_1_3' title="bbox 175 3738 1264 3891">
     <span class='ocr_line' id='line_1_32' title="bbox 244 3738 1264 3813; baseline 0 -20"><span class='ocrx_word' id='word_1_274' title='bbox 244 3740 261 3793; x_wconf 83' lang='lat'><strong>3</strong></span> <span class='ocrx_word' id='word_1_275' title='bbox 283 3740 337 3789; x_wconf 83' lang='lat' dir='ltr'>Gen</span> <span class='ocrx_word' id='word_1_276' title='bbox 355 3738 397 3803; x_wconf 88' lang='lat'>20,</span> <span class='ocrx_word' id='word_1_277' title='bbox 419 3741 453 3813; x_wconf 77' lang='lat'>12</span> <span class='ocrx_word' id='word_1_278' title='bbox 477 3740 481 3807; x_wconf 96' lang='grc' dir='ltr'>Ι</span> <span class='ocrx_word' id='word_1_279' title='bbox 506 3741 522 3792; x_wconf 87' lang='grc'>9</span> <span class='ocrx_word' id='word_1_280' title='bbox 542 3742 596 3791; x_wconf 88' lang='lat' dir='ltr'>Gen</span> <span class='ocrx_word' id='word_1_281' title='bbox 615 3738 657 3802; x_wconf 88' lang='lat'>21,</span> <span class='ocrx_word' id='word_1_282' title='bbox 677 3740 693 3791; x_wconf 86' lang='lat'>9</span> <span class='ocrx_word' id='word_1_283' title='bbox 718 3739 722 3805; x_wconf 96' lang='grc' dir='ltr'>Ι</span> <span class='ocrx_word' id='word_1_284' title='bbox 747 3739 780 3791; x_wconf 89' lang='grc'><strong>13</strong></span> <span class='ocrx_word' id='word_1_285' title='bbox 799 3739 873 3789; x_wconf 78' lang='lat' dir='ltr'>Exod</span> <span class='ocrx_word' id='word_1_286' title='bbox 891 3738 934 3801; x_wconf 82' lang='lat'>32,</span> <span class='ocrx_word' id='word_1_287' title='bbox 954 3740 971 3792; x_wconf 84' lang='grc'><strong>6</strong></span> <span class='ocrx_word' id='word_1_288' title='bbox 995 3739 999 3805; x_wconf 99' lang='grc' dir='ltr'>Ι</span> <span class='ocrx_word' id='word_1_289' title='bbox 1023 3738 1056 3791; x_wconf 86' lang='grc'><strong>17</strong></span> <span class='ocrx_word' id='word_1_290' title='bbox 1075 3741 1129 3789; x_wconf 83' lang='lat' dir='ltr'>Gen</span> <span class='ocrx_word' id='word_1_291' title='bbox 1146 3740 1188 3802; x_wconf 85' lang='lat'>21,</span> <span class='ocrx_word' id='word_1_292' title='bbox 1208 3740 1240 3792; x_wconf 84' lang='lat'>10</span> <span class='ocrx_word' id='word_1_293' title='bbox 1260 3740 1264 3807; x_wconf 95' lang='grc' dir='ltr'>Ι</span> 
     </span>
     <span class='ocr_line' id='line_1_33' title="bbox 175 3825 490 3891; baseline 0.003 -12"><span class='ocrx_word' id='word_1_294' title='bbox 175 3826 207 3879; x_wconf 83' lang='grc'><strong>19</strong></span> <span class='ocrx_word' id='word_1_295' title='bbox 227 3825 342 3891; x_wconf 78' lang='lat' dir='ltr'>Gen21,</span> <span class='ocrx_word' id='word_1_296' title='bbox 361 3826 396 3879; x_wconf 85' lang='lat'>14</span> <span class='ocrx_word' id='word_1_297' title='bbox 489 3866 490 3869; x_wconf 50' lang='lat'><em>=</em></span> 
     </span>
    </p>
   </div>
   <div class='ocr_carea' id='block_1_4' title="bbox 172 3914 1279 4258">
    <p class='ocr_par' dir='ltr' id='par_1_4' title="bbox 172 3914 1279 4258">
     <span class='ocr_line' id='line_1_34' title="bbox 245 3914 1279 3997; baseline -0.006 -16"><span class='ocrx_word' id='word_1_298' title='bbox 245 3930 260 3981; x_wconf 95' lang='grc'><strong>1</strong></span> <span class='ocrx_word' id='word_1_299' title='bbox 279 3933 303 3979; x_wconf 86' lang='lat' dir='ltr'>et</span> <span class='ocrx_word' id='word_1_300' title='bbox 321 3936 354 3985; x_wconf 94' lang='lat'>&gt;</span> <span class='ocrx_word' id='word_1_301' title='bbox 373 3948 394 3997; x_wconf 78' lang='grc' dir='ltr'><em>φ</em></span> <span class='ocrx_word' id='word_1_302' title='bbox 409 3927 414 3993; x_wconf 96' lang='grc' dir='ltr'>Ι</span> <span class='ocrx_word' id='word_1_303' title='bbox 432 3929 445 3980; x_wconf 95' lang='grc'><strong>1</strong></span> <span class='ocrx_word' id='word_1_304' title='bbox 468 3928 570 3977; x_wconf 87' lang='lat' dir='ltr'>ammini</span> <span class='ocrx_word' id='word_1_305' title='bbox 588 3914 625 3995; x_wconf 60' lang='lat' dir='ltr'>dy</span> <span class='ocrx_word' id='word_1_306' title='bbox 641 3926 644 3995; x_wconf 96' lang='grc' dir='ltr'>Ι</span> <span class='ocrx_word' id='word_1_307' title='bbox 661 3928 677 3981; x_wconf 88' lang='lat'>2</span> <span class='ocrx_word' id='word_1_308' title='bbox 695 3928 845 3978; x_wconf 86' lang='lat' dir='ltr'>ammanitae</span> <span class='ocrx_word' id='word_1_309' title='bbox 867 3945 924 3996; x_wconf 74' lang='grc' dir='ltr'>γφ,</span> <span class='ocrx_word' id='word_1_310' title='bbox 945 3928 1109 3992; x_wconf 69' lang='lat' dir='ltr'>ammonitefl</span> <span class='ocrx_word' id='word_1_311' title='bbox 1124 3925 1129 3992; x_wconf 94' lang='grc' dir='ltr'>Ι</span> <span class='ocrx_word' id='word_1_312' title='bbox 1144 3925 1160 3977; x_wconf 86' lang='grc'><strong>3</strong></span> <span class='ocrx_word' id='word_1_313' title='bbox 1179 3942 1209 3975; x_wconf 82' lang='lat' dir='ltr'>ex</span> <span class='ocrx_word' id='word_1_314' title='bbox 1227 3942 1279 3976; x_wconf 86' lang='lat' dir='ltr'>ma·</span> 
     </span>
     <span class='ocr_line' id='line_1_35' title="bbox 173 4011 1279 4083; baseline -0.001 -20"><span class='ocrx_word' id='word_1_315' title='bbox 173 4018 212 4063; x_wconf 89' lang='lat' dir='ltr'>tre</span> <span class='ocrx_word' id='word_1_316' title='bbox 221 4020 265 4081; x_wconf 74' lang='grc' dir='ltr'>βγ,</span> <span class='ocrx_word' id='word_1_317' title='bbox 285 4014 315 4063; x_wconf 88' lang='lat' dir='ltr'>de</span> <span class='ocrx_word' id='word_1_318' title='bbox 334 4018 414 4064; x_wconf 84' lang='lat' dir='ltr'>matre</span> <span class='ocrx_word' id='word_1_319' title='bbox 434 4033 456 4083; x_wconf 78' lang='grc' dir='ltr'><em>φ</em></span> <span class='ocrx_word' id='word_1_320' title='bbox 472 4013 476 4079; x_wconf 95' lang='grc' dir='ltr'>Ι</span> <span class='ocrx_word' id='word_1_321' title='bbox 491 4014 508 4067; x_wconf 85' lang='grc'>4</span> <span class='ocrx_word' id='word_1_322' title='bbox 526 4014 580 4063; x_wconf 87' lang='lat' dir='ltr'>eius</span> <span class='ocrx_word' id='word_1_323' title='bbox 600 4020 633 4069; x_wconf 95' lang='lat'>&gt;</span> <span class='ocrx_word' id='word_1_324' title='bbox 653 4031 674 4082; x_wconf 86' lang='grc' dir='ltr'>φ</span> <span class='ocrx_word' id='word_1_325' title='bbox 691 4012 695 4081; x_wconf 97' lang='grc' dir='ltr'>Ι</span> <span class='ocrx_word' id='word_1_326' title='bbox 710 4015 727 4067; x_wconf 86' lang='grc'><strong>4</strong></span> <span class='ocrx_word' id='word_1_327' title='bbox 745 4030 820 4063; x_wconf 85' lang='lat' dir='ltr'>arran</span> <span class='ocrx_word' id='word_1_328' title='bbox 837 4032 859 4082; x_wconf 88' lang='grc' dir='ltr'>φ</span> <span class='ocrx_word' id='word_1_329' title='bbox 875 4011 912 4078; x_wconf 83' lang='grc'>15</span> <span class='ocrx_word' id='word_1_330' title='bbox 933 4019 958 4063; x_wconf 88' lang='lat' dir='ltr'>et</span> <span class='ocrx_word' id='word_1_331' title='bbox 974 4018 1018 4081; x_wconf 80' lang='grc' dir='ltr'>βγ,</span> <span class='ocrx_word' id='word_1_332' title='bbox 1037 4013 1081 4064; x_wconf 85' lang='lat' dir='ltr'>sed</span> <span class='ocrx_word' id='word_1_333' title='bbox 1098 4031 1120 4082; x_wconf 86' lang='grc' dir='ltr'><strong>φ</strong></span> <span class='ocrx_word' id='word_1_334' title='bbox 1136 4012 1140 4080; x_wconf 98' lang='grc' dir='ltr'>Ι</span> <span class='ocrx_word' id='word_1_335' title='bbox 1157 4013 1172 4064; x_wconf 82' lang='lat'><strong>7</strong></span> <span class='ocrx_word' id='word_1_336' title='bbox 1192 4029 1279 4062; x_wconf 83' lang='lat' dir='ltr'>excus-</span> 
     </span>
     <span class='ocr_line' id='line_1_36' title="bbox 174 4098 1278 4169; baseline -0.002 -18"><span class='ocrx_word' id='word_1_337' title='bbox 174 4101 327 4169; x_wconf 71' lang='lat' dir='ltr'>sationemip</span> <span class='ocrx_word' id='word_1_338' title='bbox 342 4099 347 4166; x_wconf 97' lang='grc' dir='ltr'>Ι</span> <span class='ocrx_word' id='word_1_339' title='bbox 364 4102 396 4154; x_wconf 94' lang='grc'>11</span> <span class='ocrx_word' id='word_1_340' title='bbox 416 4103 539 4169; x_wconf 66' lang='lat' dir='ltr'>hoc&gt;m</span> <span class='ocrx_word' id='word_1_341' title='bbox 556 4098 559 4166; x_wconf 96' lang='grc' dir='ltr'>Ι</span> <span class='ocrx_word' id='word_1_342' title='bbox 577 4099 610 4152; x_wconf 83' lang='grc'><strong>12</strong></span> <span class='ocrx_word' id='word_1_343' title='bbox 631 4100 692 4149; x_wconf 91' lang='lat' dir='ltr'>ludo</span> <span class='ocrx_word' id='word_1_344' title='bbox 702 4116 726 4162; x_wconf 87' lang='grc' dir='ltr'>ς,</span> <span class='ocrx_word' id='word_1_345' title='bbox 746 4099 801 4149; x_wconf 85' lang='lat' dir='ltr'>luto</span> <span class='ocrx_word' id='word_1_346' title='bbox 818 4105 877 4169; x_wconf 81' lang='grc' dir='ltr'>βγφ</span> <span class='ocrx_word' id='word_1_347' title='bbox 894 4099 897 4167; x_wconf 96' lang='grc' dir='ltr'>Ι</span> <span class='ocrx_word' id='word_1_348' title='bbox 915 4100 948 4154; x_wconf 90' lang='grc'><strong>13</strong></span> <span class='ocrx_word' id='word_1_349' title='bbox 968 4101 1118 4167; x_wconf 83' lang='lat' dir='ltr'>manducare</span> <span class='ocrx_word' id='word_1_350' title='bbox 1131 4104 1175 4166; x_wconf 67' lang='grc' dir='ltr'>ργ,</span> <span class='ocrx_word' id='word_1_351' title='bbox 1196 4115 1278 4149; x_wconf 84' lang='lat' dir='ltr'>comc—</span> 
     </span>
     <span class='ocr_line' id='line_1_37' title="bbox 172 4185 1279 4258; baseline -0.002 -21"><span class='ocrx_word' id='word_1_352' title='bbox 172 4187 229 4237; x_wconf 87' lang='lat' dir='ltr'>dere</span> <span class='ocrx_word' id='word_1_353' title='bbox 248 4205 270 4255; x_wconf 88' lang='grc' dir='ltr'><strong>φ</strong></span> <span class='ocrx_word' id='word_1_354' title='bbox 286 4185 290 4252; x_wconf 96' lang='grc' dir='ltr'>Ι</span> <span class='ocrx_word' id='word_1_355' title='bbox 307 4188 339 4241; x_wconf 83' lang='grc'><strong>15</strong></span> <span class='ocrx_word' id='word_1_356' title='bbox 357 4188 502 4237; x_wconf 84' lang='lat' dir='ltr'>uendlcaret</span> <span class='ocrx_word' id='word_1_357' title='bbox 521 4192 567 4255; x_wconf 70' lang='grc' dir='ltr'>βγ,</span> <span class='ocrx_word' id='word_1_358' title='bbox 586 4186 721 4236; x_wconf 85' lang='lat' dir='ltr'>uindicarit</span> <span class='ocrx_word' id='word_1_359' title='bbox 739 4207 761 4257; x_wconf 73' lang='grc' dir='ltr'><em>ψ</em></span> <span class='ocrx_word' id='word_1_360' title='bbox 778 4187 781 4253; x_wconf 94' lang='grc' dir='ltr'>Ι</span> <span class='ocrx_word' id='word_1_361' title='bbox 800 4187 878 4252; x_wconf 83' lang='grc' dir='ltr'><strong>17Ι18</strong></span> <span class='ocrx_word' id='word_1_362' title='bbox 896 4187 945 4237; x_wconf 87' lang='lat' dir='ltr'>erit</span> <span class='ocrx_word' id='word_1_363' title='bbox 961 4190 1034 4237; x_wconf 86' lang='lat' dir='ltr'>heres</span> <span class='ocrx_word' id='word_1_364' title='bbox 1049 4208 1071 4258; x_wconf 80' lang='grc' dir='ltr'><strong>φ</strong></span> <span class='ocrx_word' id='word_1_365' title='bbox 1088 4186 1092 4254; x_wconf 97' lang='grc' dir='ltr'>Ι</span> <span class='ocrx_word' id='word_1_366' title='bbox 1108 4188 1141 4240; x_wconf 83' lang='grc'><strong>21</strong></span> <span class='ocrx_word' id='word_1_367' title='bbox 1158 4186 1279 4236; x_wconf 81' lang='lat' dir='ltr'>tredecim</span> 
     </span>
    </p>
   </div>
   <div class='ocr_carea' id='block_1_5' title="bbox 171 4270 1397 4343">
    <p class='ocr_par' dir='ltr' id='par_1_5' title="bbox 171 4270 1397 4343">
     <span class='ocr_line' id='line_1_38' title="bbox 171 4270 1397 4343; baseline -0.004 -17"><span class='ocrx_word' id='word_1_368' title='bbox 171 4292 193 4342; x_wconf 84' lang='grc' dir='ltr'>φ</span> <span class='ocrx_word' id='word_1_369' title='bbox 214 4276 218 4340; x_wconf 94' lang='grc' dir='ltr'>Ι</span> <span class='ocrx_word' id='word_1_370' title='bbox 241 4271 572 4343; x_wconf 62' lang='lat' dir='ltr'>24125uidicantibusrp1,</span> <span class='ocrx_word' id='word_1_371' title='bbox 593 4272 778 4323; x_wconf 84' lang='lat' dir='ltr'>uindicantibus</span> <span class='ocrx_word' id='word_1_372' title='bbox 798 4275 835 4341; x_wconf 65' lang='grc' dir='ltr'>φ’</span> <span class='ocrx_word' id='word_1_373' title='bbox 855 4274 860 4338; x_wconf 97' lang='grc' dir='ltr'>Ι</span> <span class='ocrx_word' id='word_1_374' title='bbox 880 4270 915 4326; x_wconf 81' lang='lat'>25</span> <span class='ocrx_word' id='word_1_375' title='bbox 933 4273 1059 4339; x_wconf 83' lang='lat' dir='ltr'>elegamus</span> <span class='ocrx_word' id='word_1_376' title='bbox 1077 4292 1099 4342; x_wconf 86' lang='grc' dir='ltr'><strong>φ</strong></span> <span class='ocrx_word' id='word_1_377' title='bbox 1120 4271 1124 4340; x_wconf 98' lang='grc' dir='ltr'>Ι</span> <span class='ocrx_word' id='word_1_378' title='bbox 1146 4270 1181 4325; x_wconf 80' lang='grc'>26</span> <span class='ocrx_word' id='word_1_379' title='bbox 1199 4272 1279 4323; x_wconf 87' lang='lat' dir='ltr'>decim</span> <span class='ocrx_word' id='word_1_380' title='bbox 1394 4315 1397 4321; x_wconf 93' lang='grc'><em>,</em></span> 
     </span>
    </p>
   </div>
   <div class='ocr_carea' id='block_1_6' title="bbox 171 4357 626 4429">
    <p class='ocr_par' dir='ltr' id='par_1_6' title="bbox 171 4357 626 4429">
     <span class='ocr_line' id='line_1_39' title="bbox 171 4357 626 4429; baseline 0 -20"><span class='ocrx_word' id='word_1_381' title='bbox 171 4365 196 4409; x_wconf 86' lang='lat' dir='ltr'>et</span> <span class='ocrx_word' id='word_1_382' title='bbox 216 4364 273 4409; x_wconf 84' lang='lat' dir='ltr'>octo</span> <span class='ocrx_word' id='word_1_383' title='bbox 292 4378 314 4429; x_wconf 84' lang='grc' dir='ltr'><em>φ</em></span> <span class='ocrx_word' id='word_1_384' title='bbox 329 4359 333 4425; x_wconf 94' lang='grc' dir='ltr'>Ι</span> <span class='ocrx_word' id='word_1_385' title='bbox 350 4357 383 4411; x_wconf 82' lang='grc'>27</span> <span class='ocrx_word' id='word_1_386' title='bbox 402 4359 626 4428; x_wconf 69' lang='lat' dir='ltr'>eddessentemtp</span> 
     </span>
    </p>
   </div>
   <div class='ocr_carea' id='block_1_7' title="bbox 0 0 1568 5167">
    <p class='ocr_par' dir='ltr' id='par_1_7' title="bbox 0 0 1568 5167">
     <span class='ocr_line' id='line_1_40' title="bbox 0 0 1568 5167; baseline 0 3"><span class='ocrx_word' id='word_1_387' title='bbox 0 0 1568 5167; x_wconf 95' lang='lat' dir='ltr'> </span> 
     </span>
    </p>
   </div>
  </div>
 </body>
</html>
