3125 5167
1213 415 1271 471 .15

132 580 301 664 llinpucm
322 602 409 645 suum
434 586 463 645 et
483 583 683 664 repertionem
708 600 795 643 suum
816 584 846 642 et
871 584 988 682 pentem
1012 598 1108 641 orsum.
1159 576 1198 641 de
1221 577 1272 641 Io·

168 684 274 762 nibus,
308 685 340 749 id
368 687 416 763 est
444 683 480 749 de
511 684 655 762 Graecis,
693 685 864 749 nascuntur
893 680 1008 759 lllisei,
1040 682 1093 764 qui
1119 684 1273 746 uocantur

167 786 328 852 Aeolides:
358 790 439 853 unde
463 791 495 853 et
519 788 627 871 quinta
651 788 760 870 lingua
787 786 937 852 Graeciae
962 784 1059 851 aeolis
1088 784 1273 869 appellatur,

169 910 262 973 quam
283 892 332 955 illi
356 895 471 957 uocant
492 893 644 978 πέμπτην
665 889 840 955 διάλεκτον.
886 890 1014 955 Tharsis
1038 889 1189 973 Iosephus
1198 888 1274 954 Cili·

132 1014 220 1067 scas
243 997 427 1074 arbitratur,
464 996 710 1080 &aspirationis
737 997 864 1061 literam
883 996 997 1061 uitiose
1033 1014 1051 1059 a
1080 995 1213 1077 posteris
1241 994 1274 1058 in

167 1102 224 1165 tan
247 1100 351 1165 dicens
374 1102 469 1166 fuisse
491 1103 685 1185 corruptam:
709 1100 792 1166 unde
812 1102 845 1164 ct
866 1099 1048 1183 metropolis
1068 1117 1175 1163 eorum
1196 1100 1274 1164 ciui-

168 1206 218 1268 tas
250 1206 364 1273 Tarsus
400 1194 592 1288 appellatur,
636 1204 736 1269 Paulo
773 1204 915 1287 apostolo
945 1204 1091 1287 gloriosa.
1151 1203 1275 1268 Oethim

169 1306 261 1385 citii,
309 1329 328 1373 a
358 1310 469 1392 quibus
510 1309 664 1392 hodieque
699 1309 774 1373 urbs
804 1308 899 1391 Cypri
934 1307 1051 1373 [titium
1086 1309 1274 1372 nominatur.

168 1410 325 1476 Dodanirn
352 1413 481 1478 Rhodii:
513 1414 559 1479 ita
588 1414 672 1479 enirn
702 1412 788 1477 LXX
820 1413 1009 1494 interpretes
1037 1412 1274 1478 transtulerunt.

113 1540 153 1593 10
167 1516 310 1599 legamus
340 1518 491 1600 Uarronis
524 1517 561 1595 de
592 1516 831 1600 antiquitatibus
865 1515 968 1599 libros,
994 1514 1034 1601 ecj
1056 1516 1157 1581 Sinnii
1182 1516 1275 1600 Capi-

168 1620 252 1685 tonis
285 1624 317 1686 et
356 1641 505 1705 graecrm
541 1622 717 1705 Phlegonta
752 1606 934 1704 ceterosque
970 1620 1197 1685 eruditissimos
1226 1622 1275 1687 ui·

168 1742 238 1803 ros,
275 1728 307 1790 et
338 1725 514 1791 uidebimus
545 1744 651 1791 omnes
678 1744 776 1809 poene
806 1726 925 1790 insulas
946 1727 979 1790 at
1005 1725 1104 1790 totius
1125 1725 1208 1790 orbis
1236 1728 1275 1792 li·

170 1829 240 1894 tora
267 1831 428 1913 terrasque
455 1830 536 1895 mari
564 1831 685 1895 uicinos
712 1816 835 1914 graecis
860 1829 975 1895 accolis
1006 1832 1189 1913 occupatas,
1219 1832 1277 1914 'qui

171 1931 223 2018 (ut
253 1952 345 2015 supra
376 1933 528 2017 diximus)
563 1935 602 1999 ab
630 1933 753 2001 Amano
783 1937 815 1999 et
846 1936 948 1999 Tauro
975 1934 1134 1999 montibus
1172 1936 1277 2001 omnia

114 2063 153 2116 15
171 2036 330 2105 maritima
352 2038 421 2101 loca
439 2057 538 2120 usque
562 2036 601 2102 ad
622 2057 772 2103 oceanum
793 2037 958 2121 possedere
972 2038 1199 2104 britannicum.

258 2140 339 2203 ltro
357 2142 449 2204 thum
471 2143 552 2205 Otus
580 2148 608 2205 et
630 2145 777 2205 Mcorur'm
798 2149 827 2206 ct
847 2145 909 2206 stc
938 2149 966 2206 el
988 2144 1136 2207 Choncun.
1191 2142 1275 2208 (thus

171 2260 270 2326 usque
306 2243 397 2308 hodie
429 2245 467 2309 ab
489 2245 642 2311 Hebraeis
673 2246 842 2330 Aethiopia
876 2249 1088 2330 nuncupatur,
1126 2249 1277 2315 Mesrainr

171 2346 346 2431 Aegyptus,
371 2348 435 2413 Fut
449 2350 570 2432 Libyes,
590 2368 682 2433 aquo
706 2354 738 2415 ct
759 2350 970 2416 Mauritaniae
991 2351 1106 2415 fluuius
1125 2372 1224 2436 usque
1244 2354 1278 2418 in

171 2470 318 2535 praesens
350 2454 414 2518 Fut
446 2453 561 2519 dicitur
592 2454 753 2538 omnisque
790 2456 874 2520 circa
907 2474 979 2519 eum
1014 2456 1101 2539 regio
1134 2456 1277 2522 intensis.

2 2648 4 2653 Α
114 2578 154 2633 20
172 2553 265 2619 multi
295 2550 462 2640 scriptores
494 2560 561 2622 tam
590 2560 695 2641 graeci
727 2578 822 2641 quam
854 2559 946 2623 latini
977 2560 1070 2623 huius
1101 2560 1147 2624 rei
1180 2564 1278 2628 testes

173 2659 253 2723 sunt.
299 2679 394 2742 quare
420 2663 525 2726 autern
546 2662 579 2727 in
600 2682 663 2727 una
688 2664 814 2727 tanturn
838 2662 975 2729 climatis
998 2666 1086 2747 parte
1114 2666 1277 2749 antiquum

172 2761 290 2845 Libyae
318 2782 431 2829 nomen
457 2764 609 2830 resederit
633 2769 668 2831 et
697 2766 818 2849 reliqua
842 2770 928 2831 terre
951 2769 1064 2832 uocata
1096 2768 1138 2833 sit
1159 2769 1276 2847 Africa,

173 2867 324 2932 disserere
346 2887 408 2932 non
435 2869 527 2934 huius
550 2870 611 2934 loci
642 2889 698 2935 nec
723 2872 875 2953 temporis
903 2874 960 2936 est.
1012 2890 1106 2954 porro
1130 2873 1278 2939 Chanaan

173 2971 310 3054 optinuit
331 2975 464 3052 terram,
494 2994 589 3057 quarn
611 2974 718 3041 Iudaei
745 2976 892 3058 deinceps
923 2978 1142 3059 possederunt,
1171 2980 1277 3044 eiectis

116 3098 156 3154 25
174 3073 377 3141 Ohanenaeis.
941 3109 947 3117 ·
1219 3092 1224 3099 '

259 3183 341 3245 lulio·
370 3184 450 3247 Otos
486 3184 563 3249 Subu
597 3190 626 3249 et
661 3188 772 3264 Euilu,
815 3187 962 3265 Subclbu,
1003 3188 1151 3268 Rebemc,
1189 3191 1280 3255 Subu-

173 3288 266 3349 tbuco.
321 3285 416 3366 Saba,
445 3308 463 3353 a
494 3309 553 3372 quo
579 3289 715 3355 ¹Sabaei:
751 3290 789 3354 de
815 3290 926 3373 quibus
948 3292 1108 3376 Uergilius
1137 3297 1219 3358 solos
1237 3302 1280 3360 ert

110 3394 115 3404 '
174 3392 280 3453 iborea
299 3396 390 3474 or'rpo
409 3393 539 3461 Sabaria
593 3395 624 3458 et
647 3394 722 3459 alibi
745 3401 917 3478 centumque
938 3400 1043 3461 sabaeo
1072 3401 1159 3462 thure
1185 3402 1281 3463 colent

174 3516 253 3558 orae.
313 3496 405 3560 lluila
427 3497 566 3563 Gaetuli:
603 3498 635 3562 in
664 3502 752 3582 parte
773 3500 950 3565 remotioris
973 3501 1116 3581 Africae,
1151 3504 1278 3569 heremo

116 3624 156 3678 30
175 3598 386 3666 cohaerentes.
430 3600 586 3680 Sabatha,
614 3622 632 3667 a
654 3602 924 3685 quo‘'Sabatheni,
953 3605 1008 3687 qui
1029 3627 1112 3672 nunc
1130 3608 1280 3673 Astabari

175 3704 383 3773 nominantur.
433 3707 573 3772 Rehema
602 3726 677 3772 uero
707 3710 739 3773 ot
769 3707 943 3775 Sabathaca
972 3712 1125 3793 paulatim
1151 3715 1280 3797 antiqua

244 3900 261 3953 4
282 3898 407 3967 Iosephus
428 3921 482 3970 αρχ
502 3923 519 3953 n
537 3900 560 3966 6,
584 3905 598 3957 1
622 3902 626 3970 l
650 3901 683 3956 16
699 3906 754 3954 Gen
771 3904 814 3967 10,
834 3903 850 3957 6
871 3902 876 3974 Ι
898 3907 932 3959 26
950 3907 1004 3956 Gen
1015 3905 1084 3970 10st
1108 3906 1114 3976 Ι
1136 3910 1170 3963 27
1189 3910 1281 3975 Uergil

174 4002 255 4051 georg
272 3987 427 4057 e117128
445 3988 536 4054 Uergil
554 3990 643 4040 aeneid
662 4010 679 4041 o
698 3990 750 4045 416
766 3992 818 4045 417
889 4014 893 4019 ’

244 4154 262 4207 4
280 4162 402 4207 nocentur
424 4168 480 4220 porr
503 4156 648 4209 oraremus
668 4163 831 4225 frisinpsms's
848 4163 923 4222 pstor
944 4160 950 4231 Ι
972 4160 990 4215 4
1011 4162 1280 4215 neuennstaeekeou

176 4241 352 4307 berolinensis,
372 4259 643 4295 usuruuauausxrou
663 4249 829 4307 coapostatas
843 4246 848 4315 Ι
864 4249 881 4302 6
897 4253 941 4297 tau
960 4254 1006 4317 βγ,
1025 4265 1072 4299 rav
1091 4248 1183 4320 φ127
1201 4251 1282 4317 uirgi-

173 4327 223 4376 sus
244 4332 304 4397 eo
