3125 5167
1233 388 1268 443 3⁷

129 564 144 618 1
251 548 329 609 Ecce
344 568 396 629 eoo
411 551 456 610 eo
471 540 561 629 tuber
568 546 680 623 fonicon
700 567 802 629 nqueo,
821 550 849 609 et
860 546 951 626 filiae
968 548 1120 610 boetiorum
1136 553 1269 615 oiuitoicb

164 651 352 735 cyr-eduntur
367 651 405 713 od
427 651 622 713 decidendam
644 671 767 734 equom:
785 655 814 713 et
828 654 888 713 crit
910 655 1015 733 uirqo,
1033 655 1085 714 cui
1097 674 1149 735 eqo
1164 654 1269 718 dinero

164 755 216 817 Do
237 757 315 817 miti
341 756 441 817 bibere
461 756 621 838 paululum
643 775 737 836 oquae
757 754 794 816 de
815 754 925 835 tyara
946 758 999 817 tuo
1018 755 1051 818 et
1072 756 1185 821 cetera.
1235 757 1269 822 in

162 859 296 924 hebraeo
327 858 479 941 scriptum
509 858 644 922 esicone
671 880 723 941 eoo
745 862 826 923 otono
853 862 940 921 iunio
959 858 1078 939 fontem
1102 881 1209 943 oquae,
1242 868 1270 926 ei
1329 918 1334 929 .

126 964 475 1041 omnitenentem,
499 984 572 1046 quoe
601 962 769 1045 eyredieiur
795 962 834 1025 od
861 964 1073 1041 hauriendum,
1106 970 1134 1027 ei
1164 966 1269 1031 dicem

162 1072 193 1129 ei
212 1069 264 1131 Do
290 1070 367 1131 mebi
387 1070 486 1131 bibero
502 1069 665 1151 paulutum
689 1088 782 1150 oquae
812 1067 848 1129 de
877 1068 986 1149 hyena
1011 1071 1064 1130 too
1093 1069 1125 1132 et
1154 1073 1268 1135 cetera.

161 1188 218 1254 pro
241 1170 475 1237 adolescentula
498 1189 629 1255 quoque,
660 1189 737 1254 quae
759 1188 872 1252 graeco
898 1188 1039 1235 sermone
1064 1160 1177 1248 νεᾶνις
1192 1172 1269 1240 dioi-

161 1278 233 1354 tm,
269 1276 313 1342 ibi
339 1244 474 1360 legimus
505 1279 602 1354 almo,
632 1274 714 1358 quod
743 1274 869 1358 quidem
895 1276 928 1339 ot
954 1275 988 1339 in
1015 1276 1098 1340 Isaia
1125 1276 1268 1344 habetur.
1369 1278 1452 1309 ’κ

161 1400 236 1446 nam
265 1381 298 1444 in
321 1400 357 1446 eo
380 1380 468 1458 loco,
499 1380 555 1445 ubi
578 1380 612 1444 in
635 1379 750 1445 nostrie
772 1377 931 1443 codicibus
953 1379 1105 1462 scriptum
1135 1382 1184 1445 est
1205 1404 1269 1446 eece
1311 1383 1390 1501 ΑΙ
1453 1317 1493 1427 ΙΙ

107 1491 143 1543 10
161 1490 250 1569 uioyo
272 1491 413 1571 concipiet
436 1492 464 1549 ei
489 1488 604 1569 portel,
636 1482 754 1568 Aquila
780 1482 945 1548 transtulit
966 1506 1029 1548 cece
1053 1486 1269 1551 odoleooeoiulo
1342 1504 1469 1583 f

160 1595 303 1673 coompiet
322 1596 349 1653 et
369 1593 486 1673 portet,
518 1588 551 1652 in
579 1588 714 1665 hebraeo
735 1586 853 1671 legitur
881 1610 944 1651 ecce
966 1591 1047 1653 almo
1076 1588 1217 1675 coompiet
1242 1596 1270 1655 ct

152 1698 265 1777 perot.
328 1692 501 1758 notandum
530 1711 603 1776 ergo
635 1690 716 1775 quod
745 1690 877 1756 uerbum
904 1694 985 1755 ulmo
1012 1712 1183 1776 numquam
1209 1695 1270 1759 nisi

158 1797 193 1861 in
224 1797 344 1882 uirgine
375 1797 520 1863 scribitur
553 1798 585 1861 et
620 1797 716 1861 habet
745 1795 969 1880 etymologiam
996 1786 1201 1884 ἄπόκρυφος,
1236 1799 1269 1865 id

161 1903 212 1966 est
240 1901 431 1967 abscondita.
483 1901 635 1984 scriptum
665 1898 820 1984 siquidem
847 1902 896 1965 est
925 1899 958 1964 in
984 1900 1041 1965 Iob
1071 1907 1099 1964 ei
1125 1908 1270 1985 oopr'eotio

107 2012 142 2065 15
162 2008 240 2070 uude
264 2004 455 2070 inuenietur?
505 2010 533 2068 et
553 2009 620 2087 quio
641 2008 725 2067 loono
746 2004 935 2075 intellecturi
961 2011 990 2068 ci
1018 2007 1207 2070 absconditur
1233 2011 1269 2073 ob
1351 2058 1356 2067 .
1450 2036 1462 2057 ·

160 2113 257 2174 oculis
278 2114 373 2174 omnio
402 2114 539 2173 educatio.
589 2108 644 2172 ubi
668 2126 750 2172 nuno
770 2108 903 2173 diximus
926 2111 1130 2187 absconditur,
1160 2110 1192 2175 in
1211 2112 1268 2175 he-

159 2215 254 2279 braeo
281 2215 408 2297 propter
444 2212 683 2279 declinationem
713 2212 803 2276 uerbi
835 2212 925 2277 aliter
952 2212 1124 2295 figuratum
1149 2218 1270 2279 oooimo

160 2319 286 2383 dicitur.
327 2317 401 2381 huic
424 2296 497 2401 quid
520 2316 637 2393 simile,
660 2316 736 2381 licet
757 2315 931 2382 masculino
950 2336 1064 2400 genere
1085 2318 1269 2398 declinetur,

160 2424 195 2487 et
214 2422 247 2486 in
266 2441 435 2505 regnorum
460 2419 549 2485 libris
570 2420 722 2503 scriptum
746 2422 809 2498 est,
841 2440 877 2484 ox
905 2440 1038 2504 persona
1059 2422 1199 2487 Helisaei
1220 2422 1269 2486 lo·

20 2540 23 2545 ’
107 2534 143 2590 no
163 2526 289 2609 quentis
314 2526 352 2591 ad
372 2525 459 2590 Giezi
478 2526 662 2603 ebdominta
683 2526 833 2589 obeooodit
854 2547 941 2589 ome.
986 2545 1061 2610 ergo
1076 2529 1170 2604 nmo,
1187 2527 1270 2609 quod

160 2630 387 2714 interpretatu
402 2627 601 2707 abscondita,
623 2627 655 2691 id
677 2630 725 2693 est
746 2629 836 2712 uirgo
857 2630 954 2695 nimia
977 2628 1139 2715 diligentia
1163 2632 1269 2696 custo-

136 2732 244 2812 dita,
273 2734 400 2798 maioris
423 2733 501 2797 mihi
519 2732 645 2797 uidetur
675 2731 778 2797 laudis
810 2752 878 2797 esse
905 2754 998 2816 quam
1027 2727 1127 2818 uirgo.
1177 2735 1268 2820 uirgo

162 2838 276 2922 quippo
299 2837 385 2901 iuxta
415 2836 591 2920 apostolum
617 2839 722 2919 potest
754 2855 821 2902 esee
845 2856 973 2922 corpore
1000 2840 1032 2903 et
1059 2858 1121 2903 non
1148 2840 1268 2923 spiritu,

162 2940 347 3007 abscondita
367 2959 452 3018 uero,
475 2959 553 3023 quae
575 2939 666 3025 uirgo
690 2941 752 3018 eet,
775 2936 928 3004 ἐπίτασιν
950 2942 1142 3026 uirginitatis
1164 2944 1268 3021 habet,

107 3058 142 3111 25
163 3049 200 3111 ut
224 3048 256 3111 et
277 3046 378 3130 uirgo¹
392 3045 434 3109 sit
457 3047 488 3109 et
509 3043 707 3122 ‘abscondita
730 3046 761 3108 et
785 3064 864 3126 quae
887 3045 1071 3111 abscondita
1090 3049 1153 3125 ost,
1181 3046 1270 3112 iuxta

160 3150 279 3215 idioma
305 3149 432 3233 linguae
483 3148 636 3214 hebraeae
670 3151 897 3229 consequenter
919 3152 952 3213 et
978 3151 1068 3233 uirgo
1092 3152 1165 3229 eat,'
1189 3171 1269 3233 quae

163 3258 269 3321 autem
292 3254 390 3340 uirgo,
412 3272 474 3318 non
497 3254 604 3319 statim
629 3253 767 3336 sequitur
781 3254 819 3317 ut
833 3253 1016 3319 abscondita
1032 3255 1081 3320 eit.
1112 3257 1172 3320 hoc
1186 3255 1269 3321 idem

86 3442 90 3451 ,
162 3358 295 3424 uerbum
317 3361 348 3423 et
368 3359 401 3422 in
423 3357 530 3423 Idxodo
554 3357 591 3423 de
615 3357 716 3423 Maria
738 3376 843 3423 sorore
859 3359 963 3442 Moysi
981 3359 1103 3443 uirgine
1125 3359 1268 3444 legimns.

162 3463 331 3529 ostendant
358 3462 455 3545 igitur
477 3461 584 3527 Iudaei
610 3463 643 3525 in
673 3462 835 3545 scripturis
867 3461 984 3527 alicubi
1011 3464 1148 3547 positum
1179 3467 1269 3543 doro,

199 3648 845 3719 reanimatomarturinaeoonrme
863 3650 1269 3720 aegeanrtnaunonxno

233 3811 250 3862 2
268 3812 299 3863 ad
316 3808 481 3861 hauriendum
499 3827 587 3877 aquam
605 3830 627 3881 φ
643 3811 647 3879 Ι
662 3812 680 3866 4
698 3813 769 3863 iuxta
787 3819 831 3880 βγ,
851 3829 926 3879 nuper
943 3833 966 3882 φ
981 3812 1018 3881 15
1039 3811 1266 3884 αόἡΙθνοοιιΙιιΙαφΙ

160 3900 178 3954 5
198 3899 365 3968 egrediturrp
388 3896 392 3963 Ι
412 3897 427 3951 7
446 3897 672 3967 adulescentulam
695 3898 699 3963 Ι
722 3898 852 3966 ineanyc
873 3904 1032 3950 berolinmeie
1051 3910 1074 3949 et
1096 3904 1269 3967 neaptueanm,

160 3986 251 4037 nennio
262 3987 362 4050 frictae
378 3981 382 4051 Ι
397 3985 414 4037 8
431 3984 512 4033 canna
530 4002 552 4052 φ
567 3983 571 4051 Ι
588 3984 621 4038 10
639 3993 695 4033 onte
712 3985 797 4050 aquila
816 3986 848 4051 -Ι-
867 3992 892 4036 et
910 3987 952 4055 φΙ
968 3986 1001 4039 10
1020 3987 1242 4057 adulescentulam
1261 3985 1266 4056 Ι

161 4070 195 4125 11
215 4070 296 4122 aalma
313 4089 336 4138 φ
351 4074 355 4135 Ι
373 4070 405 4123 12
423 4070 505 4119 aalma
522 4088 544 4138 φ
559 4066 564 4138 Ι
582 4068 613 4123 13
631 4070 820 4138 ἐτνμολογίαν
838 4075 932 4122 indicat
942 4076 1106 4139 srieinqenoie
1126 4071 1131 4143 Ι
1154 4074 1187 4127 14
1205 4075 1268 4126 rcri-

160 4162 234 4225 ptum
254 4160 299 4207 est.
335 4155 464 4221 Siquidem
483 4160 508 4205 et
525 4156 552 4205 in
570 4156 613 4205 iob
632 4174 654 4225 φ
672 4153 675 4223 Ι
697 4155 730 4209 15
749 4156 916 4208 abscondetur
934 4164 971 4226 βγ
987 4159 991 4225 Ι
1007 4160 1041 4212 16
1057 4160 1220 4211 absconditur
1238 4178 1268 4230 φ,

161 4242 328 4295 abscondetur
346 4248 383 4309 βγ
405 4242 410 4309 Ι
433 4242 468 4296 20
485 4241 567 4291 aalma
588 4260 610 4311 φ
625 4241 629 4308 Ι
645 4242 679 4295 21
697 4242 843 4293 abscondita
860 4251 895 4302 >
913 4263 933 4313 y
953 4245 957 4313 Ι
979 4246 1013 4300 27
1031 4252 1061 4297 ut
1079 4252 1104 4298 et
1122 4246 1270 4301 abscondita

162 4327 256 4405 φΙῖΒ
274 4327 372 4381 exhodo
396 4344 417 4399 φ
437 4327 441 4393 Ι
462 4328 496 4385 28
515 4328 686 4402 ωοείῳΙῖΘ
702 4328 824 4402 ωΙιιιαφ
