3125 5167
291 372 326 427 38

291 534 345 599 ubi
368 533 633 601 adolescentulam
656 537 780 601 tantum
804 538 837 601 et
864 555 925 601 non
947 534 1102 619 uirginem
1125 533 1228 596 sonet:
1256 531 1290 594 at
1319 536 1431 593 oon-1

291 637 431 703 cedimus
455 638 500 705 eis
520 639 615 717 illud,
645 641 727 723 quod
749 641 783 705 in
799 640 883 705 leals
904 638 986 723 apud
1009 656 1067 702 nos
1091 636 1204 702 dicitm
1224 657 1288 698 ecce
1309 636 1397 715 circo

291 747 433 827 concipiet
463 749 490 807 et
514 748 631 828 parnei,
666 762 728 809 non
756 744 976 822 absconditam
1002 741 1175 825 bagmam,
1207 738 1262 803 sod
1290 736 1397 802 adole·
1476 788 1481 795 .

284 846 467 913 'soentulam
488 847 611 933 signare
629 850 693 915 mm
711 851 851 933 nuptam.

379 954 419 1017 ΕΙ
439 954 615 1019 dimeterunt
626 956 787 1019 Rebeccam
809 975 941 1018 amorem
957 974 1044 1016 marn
1066 958 1094 1017 et
1115 953 1315 1014 substantebrn
1331 950 1434 1009 eiueb

292 1060 320 1119 et
346 1078 467 1121 aunum
488 1057 642 1123 Abrabam
665 1064 692 1121 et
719 1063 819 1136 uiros,
848 1062 902 1141 qui
922 1078 990 1121 mone
1011 1078 1044 1121 ee
1065 1061 1158 1119 mant.
1204 1053 1237 1117 in
1262 1051 1398 1117 hebraeo

293 1159 436 1225 habetet
463 1162 640 1227 timuerunt
658 1164 821 1226 Rebeccam
840 1184 972 1226 caruem
993 1182 1079 1224 eueni
1105 1165 1134 1223 et
1160 1163 1306 1221 estruem
1334 1161 1400 1219 eiua

292 1269 320 1327 et
342 1286 463 1329 mcum
478 1266 620 1331 Abrahae
640 1273 668 1331 et
687 1272 771 1331 uaros
792 1270 887 1331 itlius.
941 1265 1054 1330 decens
1074 1265 1188 1347 qnippe
1210 1263 1280 1327 erat
1300 1261 1337 1325 ut
1358 1260 1399 1324 ad

293 1368 418 1452 nuptias
447 1369 563 1454 absque
585 1370 767 1455 parentibus
795 1370 885 1453 uirgo
907 1367 1105 1452 proficiscens
1128 1364 1259 1430 nutricis
1282 1362 1398 1428 solacio

294 1470 461 1537 funeratur.
1418 1478 1456 1532 ιο

380 1580 420 1641 Et
448 1582 511 1663 ipse
535 1582 687 1645 habitabat
712 1585 745 1644 in
773 1585 856 1643 terra
881 1581 995 1654 austri:
1027 1581 1056 1641 et
1085 1596 1221 1659 egressus
1249 1580 1292 1638 eet
1313 1576 1400 1635 boae

293 1686 429 1745 euerceri
448 1687 478 1745 in
494 1704 596 1767 eampo
611 1686 650 1747 ad
665 1706 828 1768 uesperam.
852 1683 939 1747 tersa
953 1680 1054 1747 austri
1062 1678 1215 1745 &aarum
1231 1677 1400 1761 significat,

293 1783 375 1849 unde
405 1805 424 1849 a
453 1788 542 1870 patre
576 1787 615 1852 ad
647 1787 875 1853 immolandum
908 1784 1065 1869 quondam
1099 1784 1205 1849 fuerat
1238 1781 1400 1847 abductus.

294 1886 376 1971 quod
399 1890 505 1954 autem
526 1891 571 1956 ait
591 1898 619 1955 et
639 1914 774 1975 egressus
797 1898 855 1968 eet,
877 1896 910 1954 ut
931 1894 1121 1953 exerceretur
1135 1892 1167 1950 in
1184 1908 1295 1970 campo,
1318 1884 1411 1971 quod·

207 2058 211 2067 ,
294 2010 406 2075 graece
437 1990 551 2059 dicitur
582 1988 812 2081 ἅδολεσχῆσαι,
850 1995 888 2058 in'
913 1994 1048 2059 hebraeo
1075 1991 1191 2076 legitur
1214 1996 1242 2054 et
1264 2011 1401 2074 egressus
1420 2002 1457 2055 15
1548 1985 1549 2044 i

293 2101 336 2159 eet
351 2099 452 2174 lacae,
476 2103 510 2163 ut
533 2101 703 2181 toqueretur
724 2104 756 2162 in
778 2121 852 2183 aare
868 2100 1031 2163 daimonte
1051 2102 1113 2159 ione
1129 2117 1261 2179 uespera.
1302 2094 1401 2178 sigui-

294 2200 369 2265 ficat
391 2203 496 2267 autem
518 2204 689 2269 seeundum
711 2203 807 2281 illud,
842 2201 924 2288 quod
947 2202 1091 2266 dominus
1120 2199 1205 2264 solus
1228 2197 1340 2263 orabat
1367 2196 1402 2261 in

295 2307 417 2383 monte,
442 2306 537 2371 etiam
560 2309 665 2385 Isaac,
688 2308 742 2391 qui
762 2308 796 2372 in
818 2310 893 2391 typo
918 2305 1036 2391 domini
1059 2288 1136 2382 nai,
1165 2304 1205 2368 ad
1228 2302 1402 2367 arabonam

296 2409 384 2491 quasi
413 2410 516 2475 uirum
541 2411 660 2477 iustum
690 2411 780 2477 domo
813 2430 974 2496 egressum
996 2411 1029 2473 et
1055 2408 1106 2473 uel
1134 2428 1218 2473 nona
1243 2408 1321 2471 hora
1349 2405 1403 2471 uel

296 2514 368 2577 anm
390 2514 464 2579 solis
485 2533 631 2580 oceasum
656 2507 835 2599 spintuales
857 2516 914 2604 deo
936 2513 1081 2579 uictimas
1106 2512 1264 2596 optulisse.
1419 2526 1457 2579 20

383 2620 423 2680 Et
451 2622 521 2683 auru
548 2623 721 2690 theristrum
754 2625 782 2683 et
811 2623 928 2703 operuit
958 2641 997 2682 ee.
1056 2617 1241 2681 theristrum
1269 2615 1402 2699 pallium

296 2718 424 2798 dicitur,
450 2740 548 2804 genus
572 2724 667 2789 etiam
695 2743 777 2788 nunc
806 2722 922 2787 arabici
944 2721 1140 2798 aestimanti,
1173 2738 1233 2804 quo
1254 2719 1401 2785 mulieres

296 2824 474 2906 prouinciae
496 2826 581 2893 illius
604 2828 759 2893 uelantur.

383 2932 423 2993 Et
452 2932 560 2995 adiecit
585 2933 740 2996 Abrabam
771 2938 799 2994 et
831 2936 942 3015 aceepd
971 2952 1113 3006 ueorern,
1149 2935 1177 2992 ct
1205 2952 1308 2993 nomen
1337 2934 1402 2992 eius
1549 2983 1550 3010 ,

296 3034 419 3097 Ceturu:
450 3040 479 3098 et
502 3040 620 3120 peperat
651 3042 682 3099 ei
702 3038 843 3099 Zemrurn
866 3040 894 3098 ct
914 3037 1017 3097 leeoan
1038 3038 1066 3096 et
1087 3034 1202 3108 Madau
1223 3038 1252 3095 et
1273 3034 1400 3096 Madian
1419 3048 1456 3101 25
1549 3065 1550 3140 g

172 3136 176 3146 “
296 3140 498 3212 etIesboeet
521 3142 588 3205 Sue.
640 3146 668 3204 et
693 3142 795 3204 [eacan
822 3143 926 3222 genuit
954 3140 1033 3202 Saba
1061 3142 1089 3200 et
1118 3138 1235 3200 Dedan.
1287 3141 1316 3199 et
1334 3137 1405 3217 fiu't

296 3242 407 3306 Dedan
421 3245 553 3323 fuerunt
566 3245 692 3309 Aenum
711 3250 740 3308 et
759 3245 899 3307 actuum
920 3249 948 3306 et
962 3244 1109 3305 Luonrirn.
1152 3247 1180 3304 et
1198 3242 1262 3320 filii
1275 3242 1403 3303 Madrbn

297 3346 394 3425 Gefur
408 3352 436 3409 et
450 3344 529 3429 Afer
550 3350 668 3413 etSaba
689 3354 721 3435 et·
736 3351 838 3411 Enoch
859 3353 887 3410 et
911 3346 1011 3409 Abida
1033 3352 1061 3409 et
1086 3344 1208 3408 Adedou.
1252 3366 1351 3407 ornnes
1369 3348 1405 3407 aa·

297 3448 358 3512 diii
379 3451 511 3515 Ceturae.
554 3458 582 3516 et
603 3453 685 3515 dedit
706 3451 861 3515 Abraham
889 3454 1047 3526 uniuersa,
1070 3470 1144 3531 quae
1165 3451 1285 3525 habuit,
1307 3451 1401 3525 Isaac,

297 3552 370 3619 driu
388 3561 487 3618 auteur
509 3560 753 3633 narrentanorum,
780 3576 855 3639 quae
878 3557 995 3631 habuit,
1018 3554 1099 3615 dedit
1119 3574 1243 3615 munera
1265 3557 1292 3615 et
1314 3554 1401 3614 dirui·
1420 3575 1456 3627 30

214 3748 219 3761 ι
296 3662 336 3721 sit
358 3680 407 3721 eos
429 3663 464 3723 ab
487 3662 574 3724 Isaac
592 3660 664 3741 filio
686 3680 755 3737 suo,
786 3682 853 3723 curn
881 3660 978 3722 adbuc
999 3662 1119 3721 uiueret
1146 3662 1179 3719 in
1207 3662 1333 3734 oriente,
1364 3658 1403 3720 ud

370 3837 457 3889 2Isai
474 3838 499 3899 7,
522 3836 555 3891 14
570 3836 574 3903 Ι
590 3837 607 3892 5
626 3839 679 3888 aen
698 3837 740 3899 24,
760 3836 795 3891 59
817 3838 822 3903 Ι
844 3838 876 3891 11
896 3839 951 3887 Gen
968 3834 1011 3899 24,
1029 3835 1063 3889 62
1082 3834 1116 3889 63
1131 3832 1136 3902 Ι
1153 3834 1186 3887 17
1204 3826 1276 3884 Mar'c
1295 3835 1319 3897 6,
1339 3835 1373 3888 46
1396 3832 1400 3902 Ι

297 3922 332 3979 20
349 3925 411 3973 Petu·
431 3944 447 3974 u
466 3924 491 3987 2,
512 3923 672 3991 5121'Gen
688 3924 731 3986 24,
749 3922 784 3976 65
799 3922 804 3990 Ι
819 3921 855 3976 24
874 3924 928 3972 Gen
949 3923 991 3984 25,
1012 3922 1089 3975 1--6

367 4071 382 4124 1
402 4070 448 4137 au
466 4071 677 4122 adulescentulam
693 4089 715 4139 φ
731 4069 735 4136 Ι
758 4070 774 4123 8
793 4071 895 4134 Degeus
914 4087 936 4138 φ
951 4066 956 4135 Ι
972 4069 988 4122 9
1007 4067 1099 4117 solatio
1120 4072 1179 4135 βγφ
1195 4064 1199 4132 Ι
1215 4064 1248 4119 16
1265 4066 1403 4117 inclinante

299 4177 320 4227 φ
337 4157 340 4224 Ι
356 4159 390 4211 20
408 4157 536 4222 spiritales
554 4176 575 4227 φ
589 4156 594 4223 Ι
611 4156 645 4212 25
664 4161 759 4207 cauma
777 4176 807 4226 φ,
829 4158 932 4205 cethura
948 4160 996 4222 dy:
1017 4157 1131 4214 deimepe
1147 4155 1226 4202 tacebo
1242 4153 1247 4217 Ι
1262 4151 1298 4205 25
1315 4153 1404 4202 iecxan

297 4263 319 4313 φ
335 4241 339 4313 Ι
355 4244 389 4297 26
409 4260 467 4294 suae
487 4265 509 4314 φ
526 4244 530 4310 Ι
545 4244 580 4298 26
598 4244 687 4295 iecxan
706 4262 728 4313 φ
743 4243 747 4308 Ι
763 4244 797 4297 27
814 4242 916 4292 latosim
934 4261 955 4311 ‘i'
972 4239 976 4308 Ι
992 4239 1026 4293 27
1044 4238 1139 4289 loomin
1149 4244 1186 4322 ’,8,
1205 4235 1402 4309 laommiimepl

297 4331 332 4389 28
352 4332 436 4381 eledea
456 4350 477 4400 φ
