3125 5167
1241 399 1280 458 69
1402 480 1405 485 ,

142 575 206 638 ret
225 570 330 653 fantur
358 576 401 635 est
428 574 631 636 interatum
659 577 799 636 seruiens.
859 571 932 655 quia
955 588 1049 653 supra
1072 568 1109 635 de
1126 568 1280 635 'Zabulon

127 747 129 751 ,
178 672 298 740 dixerat
327 674 409 757 quod
436 676 532 740 maris
559 676 668 759 magni
695 677 777 739 esset
805 674 899 740 litora
935 693 1149 757 possessurus,
1188 673 1278 739 Sido·

177 798 250 844 nem
272 796 393 862 quoque
423 781 455 844 et
486 774 623 861 reliquae
645 777 811 843 Phoenicis
832 777 926 843 urbes
955 777 1166 862 contingeret,
1197 796 1279 843 nuno

178 882 217 947 ad
246 882 509 949 mediterraneam
536 884 728 965 prouineiam
745 882 835 959 ¹redit
856 885 888 948 et
915 883 1067 960 Issaehar,
1085 881 1167 964 'quia
1192 882 1280 947 iuxta

142 987 338 1069 5Neptalim
378 988 619 1069 pulcherrimam
659 987 692 1051 in
719 986 863 1053 Galilaea
891 986 1052 1071 regionem
1079 1004 1278 1068 possessums

176 1096 241 1169 est,
282 1091 496 1157 benedictione
525 1111 582 1157 sna
615 1091 825 1157 habitatorem
861 1090 945 1155 facit.
1018 1090 1140 1155 asinum
1173 1092 1280 1156 autem

143 1269 147 1277 ,
176 1214 301 1261 osseum
329 1197 423 1260 uoeat
446 1197 478 1261 et
505 1214 650 1261 umerum
679 1195 719 1259 ad
748 1194 936 1279 portandum
958 1193 1114 1272 deditum,
1144 1194 1218 1293 quia
1245 1194 1278 1259 in

175 1300 281 1365 labore
307 1301 409 1365 terrae
434 1302 467 1365 et
493 1299 644 1365 trahendis
672 1298 713 1365 ad
740 1318 826 1364 mare
849 1298 1013 1376 oneribus,
1045 1318 1123 1381 quae
1154 1298 1188 1362 in
1214 1300 1279 1363 suis
1306 1352 1309 1355 .

175 1402 290 1469 linibus
320 1404 545 1482 nascebantur,
583 1403 753 1486 plurimum
781 1403 953 1480 laboraret,
997 1402 1124 1487 regibus
1158 1420 1278 1485 quoque

125 1512 159 1565 10
176 1506 295 1573 tributa
317 1510 523 1592 comportans.
577 1507 665 1573 aiunt
684 1507 821 1572 Hebraei
845 1526 900 1590 per
921 1507 1138 1591 metaphoram
1158 1506 1279 1590 alguid-

81 1660 85 1666 .
176 1612 239 1676 nari
263 1612 344 1695 qnod
366 1608 536 1695 scripturas
566 1613 691 1676 sanetas
714 1611 764 1676 die
790 1630 827 1675 ae
848 1613 940 1676 noete
962 1610 1117 1676 meditans
1141 1611 1279 1676 studium

176 1734 269 1781 suum
291 1714 410 1780 dederit
432 1716 471 1780 ad
494 1716 715 1793 laborandum,
746 1717 778 1781 et
799 1714 870 1781 ideo
893 1715 923 1780 ei
944 1734 1052 1781 omnes
1081 1716 1181 1781 tribus
1212 1735 1279 1781 ser-

175 1820 282 1895 ment,
306 1820 394 1901 quasi
415 1820 566 1903 magistro
590 1820 671 1884 dona
692 1820 862 1903 portantes

263 1924 334 1987 Dua
362 1925 504 1987 iudicabit
534 1926 678 2008 populum
713 1944 813 2002 mom,
850 1928 926 1988 aaa
944 1944 1050 1987 *anam
1087 1946 1125 1987 aa
1156 1930 1279 2009 sceptris

125 2032 158 2085 15
176 2030 301 2092 Israhel.
343 2029 403 2109 fini
426 2030 498 2091 Dora
521 2031 639 2092 colaber
658 2033 689 2091 ab
709 2033 773 2105 uia,
803 2031 924 2110 repulus
951 2033 984 2091 ia
1004 2032 1119 2106 semita,
1143 2032 1279 2093 mordens

174 2134 299 2213 aepulas
318 2136 399 2214 equi,
434 2134 722 2195 demoraremur
744 2138 807 2195 eim
828 2137 1000 2196 retrorsum.
1044 2135 1279 2198 emmeramum

70 2228 75 2236 '
175 2238 347 2317 expectabo,
389 2236 512 2299 domine.
578 2234 710 2299 Samson
745 2233 837 2300 iudex
867 2235 988 2301 Israhel
1018 2234 1055 2300 de
1086 2236 1171 2301 tribu
1208 2238 1278 2303 Dan
1311 2221 1315 2238 ⁸

174 2338 242 2403 fuit.
286 2340 346 2403 hoe
369 2358 443 2422 ergo
468 2338 560 2403 dioit:
590 2358 673 2403 nuno
693 2339 804 2403 uidens
825 2338 859 2404 in
882 2338 993 2423 spiritu
1015 2359 1137 2405 nomam
1158 2343 1278 2407 nutrire

175 2440 306 2506 Samson
333 2462 500 2507 nazareum
513 2457 515 2459 ·
528 2446 632 2520 tuum,
661 2442 759 2507 eaesis
787 2443 931 2509 hostibus
960 2444 1169 2527 triumphare,
1198 2446 1280 2528 quod

123 2550 158 2605 20
176 2545 209 2609 in
243 2545 478 2611 similibudinem
515 2546 634 2612 colubri
668 2546 830 2631 regulique
859 2546 1030 2613 obsidentia
1058 2549 1127 2614 ulae
1156 2550 1277 2616 nullum

173 2669 229 2733 per
260 2652 378 2715 terram
406 2650 525 2715 Israhel
562 2652 694 2715 transire
724 2652 904 2736 permittat,
938 2653 992 2717 sed
1023 2652 1119 2719 etiam
1149 2654 1175 2718 si
1210 2655 1278 2738 quis

174 2755 359 2819 temerarius
388 2755 505 2819 uirtute
535 2774 592 2819 sua
622 2756 711 2837 quasi
745 2756 816 2838 equi
846 2755 1014 2829 uelocitate
1045 2758 1178 2824 confisus
1210 2780 1279 2825 eam

174 2856 310 2921 uoluerit
337 2858 502 2941 praedonis
523 2878 609 2923 more
631 2858 790 2942 populari,
820 2860 954 2943 effugere
967 2843 1038 2925 'non
1060 2862 1186 2928 ualebit.
1228 2865 1278 2928 to-

175 2964 245 3024 tum
271 2963 377 3025 autem
411 2981 466 3044 per
500 2964 715 3044 metaphoram
743 2963 896 3047 serpentis
928 2967 961 3028 et
989 2965 1104 3047 equitis
1130 2966 1278 3050 loquitur.

123 3070 159 3126 25
177 3063 287 3128 uidens
308 3084 381 3149 ergo
405 3068 471 3130 tam
493 3066 607 3131 fortem
635 3086 804 3133 nazareum
831 3070 922 3132 tuum
944 3066 1026 3150 quod
1054 3069 1087 3132 et
1109 3063 1175 3152 lps'e
1205 3090 1279 3155 pro·

175 3169 245 3253 pter
267 3170 465 3233 meretricem
488 3173 631 3235 mortuus
653 3173 702 3235 est
723 3173 755 3235 et
775 3158 911 3236 moriens
934 3174 1058 3237 nostros
1080 3172 1195 3238 oceidit
1217 3175 1278 3239 ini-

175 3272 291 3348 micos,
319 3274 444 3354 putaui,
476 3275 609 3351 odeus,
637 3274 741 3356 ipsum
769 3294 837 3339 esse
860 3275 1021 3341 Christum
1049 3275 1150 3341 filium
1180 3280 1279 3358 tuum,

175 3395 286 3442 uerum
310 3375 382 3458 quia
402 3379 544 3442 mortuus
568 3380 616 3444 ost
647 3381 680 3443 et
705 3398 768 3443 non
794 3379 963 3444 resmrerit
984 3383 1016 3444 et
1041 3400 1149 3446 rursus
1178 3384 1279 3466 eapti·

176 3501 234 3549 uus
259 3479 374 3546 'duetus
398 3484 446 3545 est
467 3482 600 3560 Israhel,
635 3483 714 3547 alius
741 3484 820 3548 mihi
845 3483 988 3549 saluator
1016 3485 1126 3549 mundi
1155 3488 1188 3550 et
1216 3489 1280 3552 mei

127 3592 162 3645 30
179 3586 302 3669 generis
323 3584 558 3669 praestolandus
582 3588 642 3663 est,
667 3588 703 3651 ut
725 3587 834 3652 ueniat
855 3592 907 3651 eui
925 3593 1086 3673 repositum
1106 3596 1149 3654 est
1169 3596 1198 3654 et
1217 3596 1281 3676 lpse

177 3696 234 3753 eret
257 3693 421 3774 emperantia
439 3693 583 3772 perediam.
1030 3766 1035 3774 Ι

264 3795 334 3859 Gau
360 3795 550 3878 detrahendus
576 3796 804 3859 leirooobabiiur
830 3819 913 3859 oum:
943 3801 971 3860 ed
1000 3802 1064 3880 abae
1092 3800 1280 3864 latroniaabe'-

177 3902 227 3960 tur·
255 3901 396 3981 pleniora.
444 3896 532 3962 iuxta
560 3898 729 3963 hebraeum
758 3898 956 3982 interpretati
979 3920 1094 3965 sumus.
1145 3902 1200 3966 sed
1226 3903 1281 3968 ubi

238 4043 262 4096 ³1
283 4047 336 4094 Gen
355 4044 397 4109 49,
415 4046 449 4099 13
464 4044 468 4111 Ι
486 4045 518 4099 14
537 4048 591 4097 Gen
608 4044 651 4109 49,
674 4048 706 4100 17
724 4047 758 4101 18
773 4046 777 4113 Ι
793 4049 827 4102 39
847 4050 902 4098 Gen
920 4047 962 4110 49,
983 4046 1036 4116 1οΙ
1058 4050 1092 4103 32
1112 4050 1167 4099 Gen
1183 4047 1226 4112 49,
1247 4051 1280 4105 19

63 4236 64 4239 ¹
132 4208 137 4219 .
247 4172 431 4253 dnpoaeseurus
450 4197 472 4246 φ
489 4176 493 4244 Ι
508 4175 526 4229 4
543 4178 649 4245 ysaobar
666 4184 684 4244 β
699 4175 703 4246 Ι
720 4179 736 4231 5
753 4179 861 4229 aeithali
880 4177 922 4248 φΙ
939 4180 954 4232 7
972 4184 1001 4229 ut
1018 4196 1131 4231 umerum
1140 4200 1170 4250 φ,
1190 4185 1215 4231 et
1232 4183 1279 4248 hu-

178 4275 273 4311 merum
291 4265 308 4327 β
323 4261 327 4325 Ι
345 4259 377 4313 12
395 4261 490 4313 idoiroo
507 4282 531 4332 φ
552 4263 557 4331 Ι
577 4263 611 4317 14
628 4279 658 4313 ex
675 4270 706 4331 β,
737 4264 767 4315 de
785 4283 808 4332 φ
823 4264 827 4332 Ι
844 4265 877 4319 16
894 4266 1002 4317 salutare
1021 4272 1062 4335 βψ
1077 4264 1081 4332 Ι
1098 4267 1131 4320 19
1151 4266 1186 4322 25
1202 4283 1279 4319 nazo-

179 4361 248 4395 reum
266 4364 288 4417 φ
304 4346 307 4415 Ι
323 4346 357 4402 28
374 4363 474 4401 rursum
492 4366 514 4421 φ
1366 4366 1371 4373 ’
