3125 5167
1249 425 1266 479 5

130 584 456 649 1disumflorentem.
514 604 683 663 necnon,
718 586 1268 669 quodnequitnr,caalraarisatem
1366 620 1371 628 ·

162 688 195 753 in
218 688 351 753 hebraeo
374 694 513 753 mimizra
536 689 698 768 scribitur,
724 690 934 773 quodhqnila
955 691 1061 773 posuit
1081 680 1150 753 ἀπὸ
1172 680 1272 777 dara--

165 797 224 857 ber
248 794 279 858 ot
301 790 357 857 nos
386 794 425 858 ab
455 793 588 877 exordio
603 813 768 876 possumus
797 795 914 872 dicere,
958 770 1162 878 Symmachus
1192 814 1267 860 uero

164 893 199 960 ἐκ
223 891 353 984 πρώτος
376 901 407 963 et
429 898 623 963 Theodotion
645 896 678 961 ἐν
715 895 874 983 πρώτοις,
908 899 991 981 quod
1014 901 1046 963 et
1071 900 1176 981 ipsum
1205 918 1268 963 non

130 1002 333 1081 sorianum,
362 1003 416 1068 sed
438 1004 625 1087 principium
649 1004 813 1088 significat.
867 1024 904 1068 ar
926 1023 986 1086 quo
1016 1004 1268 1068 manifestissime

164 1107 383 1190 comprobatur
406 1108 488 1191 quod
510 1109 596 1191 prius
623 1128 716 1191 quam
740 1108 861 1173 caelum
884 1110 925 1201 et¹
938 1110 1056 1173 terram
1086 1107 1161 1172 deus
1183 1108 1268 1172 faos-

163 1214 226 1289 ret‚
251 1213 431 1295 paradisum
458 1215 531 1278 ante
555 1212 751 1291 condiderat,
780 1214 861 1277 sicut
879 1216 911 1278 et
932 1213 1050 1296 legitur
1065 1214 1104 1283 ¹in
1133 1213 1267 1277 hebraeo

162 1320 352 1400 plaalaueral
372 1324 471 1382 autem
492 1319 630 1382 dominus
649 1320 721 1382 daus
736 1319 916 1402 paradisum
936 1323 969 1381 ia
987 1320 1059 1381 adea
1073 1340 1091 1381 a
1107 1322 1267 1403 amanam.

250 1422 365 1485 Nemea
393 1427 448 1485 uui
467 1424 566 1485 Fr'saa.
623 1424 706 1487 hunc
739 1440 806 1486 osse
834 1422 943 1486 Indiae
977 1422 1108 1486 fluuium
1135 1420 1268 1505 Gangen

111 1542 146 1595 lo
162 1526 285 1607 putant.

257 1632 314 1694 Ubi
332 1636 375 1694 est
394 1634 592 1696 carbunculus
612 1632 640 1695 ct
662 1634 741 1716 lapis
761 1636 912 1715 prasinus.
945 1650 1000 1715 pro
1024 1631 1213 1696 carbunculo
1236 1632 1268 1694 et

162 1733 266 1816 lapide
290 1735 413 1818 prasino
436 1732 583 1816 βδέλλιον
602 1737 634 1799 et
657 1731 751 1814 ὄνυχα
774 1736 829 1800 alii
850 1736 1088 1802 transtulerunt,

250 1842 290 1903 nt
306 1845 433 1924 surrepsit
444 1841 581 1903 dominus
592 1841 664 1904 deus
679 1844 827 1903 bominum
845 1847 873 1904 et
882 1846 1066 1925 posuit-cum
1083 1846 1115 1903 ia
1123 1842 1268 1925 paradiso

154 1947 334 2028 uoluptatis.
389 1964 445 2027 pro
466 1944 627 2027 uoluptate
657 1945 689 2007 in
711 1944 847 2041 hebraeo
878 1946 977 2010 habet
1003 1948 1080 2009 calca.
1123 1944 1183 2028 ipsi
1207 1944 1268 2027 igi

110 2063 145 2117 15
162 2052 215 2113 tur
244 2068 326 2113 nnnc
358 2048 444 2113 LXX
478 2052 548 2112 adca
586 2049 783 2131 interpretati
816 2050 890 2113 sunt
926 2050 1138 2134 uoluptatem,
1175 2048 1267 2132 Sym-

162 2154 292 2217 machus
314 2172 404 2231 nero‚
436 2153 489 2235 qni
511 2153 689 2237 paradisum
718 2152 811 2236 paulo
839 2156 911 2218 ante
940 2154 1105 2218 florentem
1125 2155 1266 2217 transtu-

162 2257 259 2335 leiat‚
295 2257 347 2320 hic
374 2257 478 2340 posuit
510 2254 542 2320 ἐν
570 2258 616 2342 τῷ
654 2253 843 2342 παραδείσῳ
879 2262 937 2344 τῆς
965 2252 1079 2345 ἀκτῆς,
1117 2256 1198 2341 quod
1236 2259 1268 2321 et
1302 2275 1304 2278 ·

163 2361 267 2444 ipsum
290 2362 514 2443 amoenitatem
537 2364 569 2426 et
592 2359 719 2427 delicias
745 2364 844 2426 sonat.

250 2470 286 2529 Iu
305 2488 486 2549 quacumque
509 2472 606 2530 aulam
627 2468 675 2530 dic
697 2468 858 2530 corraedera's
881 2488 919 2530 cc
941 2489 982 2544 ea,
1005 2472 1100 2529 arama
1122 2471 1269 2529 moriaris.

107 2584 146 2637 20
163 2570 274 2634 melius
292 2571 517 2653 interpretatus
541 2572 589 2634 est
612 2567 818 2654 Symmachus
841 2570 946 2635 dicens
968 2573 1107 2634 mamam
1126 2576 1193 2654 eris.

249 2678 290 2737 Et
309 2679 391 2737 misit
411 2676 547 2737 domiuus
567 2676 639 2738 deus
661 2669 812 2737 ἔκστασιν
835 2676 1039 2759 supersidam.
1082 2693 1138 2757 pro
1160 2674 1267 2749 extasi,

162 2779 194 2843 id
225 2781 273 2843 est
299 2779 413 2843 mentis
443 2798 586 2856 excessu,
620 2779 652 2843 in
682 2779 815 2844 hebraeo
855 2780 951 2844 habet
978 2780 1147 2856 thardema,
1187 2778 1268 2862 quod

162 2882 279 2967 Aquila
310 2876 511 2968 καταφορὰν,
549 2882 754 2965 Symmachus
785 2877 896 2966 κάρον,
931 2884 964 2948 id
995 2886 1043 2948 est
1078 2902 1207 2966 grauem
1236 2884 1268 2946 et

161 2986 350 3071 profundum
371 3004 529 3068 soporem,
552 2986 749 3069 interpretati
768 2990 851 3065 sunt.

105 3111 144 3167 25
251 3092 390 3173 Denique
414 3092 599 3174 sequituret
624 3093 777 3156 dormiur't.
827 3093 861 3156 id
889 3093 992 3175 ipsum
1020 3092 1151 3156 uerbum
1180 3093 1215 3155 et
1233 3091 1267 3154 in

163 3197 257 3261 Ionae
281 3196 442 3261 stertentis
467 3215 575 3260 somno
599 3196 736 3279 positum
759 3197 816 3260 est.

234 3410 250 3462 9
268 3412 322 3460 Gen
341 3410 365 3472 2,
387 3410 418 3462 11
443 3409 495 3473 111
515 3410 570 3458 Gen
589 3410 612 3469 2,
634 3406 667 3461 12
682 3410 686 3471 Ι
703 3408 736 3461 13
757 3406 848 3471 Gen2,
863 3409 896 3461 15
912 3410 916 3475 Ι
933 3409 965 3462 19
983 3410 1037 3459 Gen
1049 3410 1074 3471 2,
1094 3411 1126 3463 17
1142 3408 1147 3476 Ι
1163 3409 1196 3462 21
1215 3410 1269 3458 Gen

162 3497 187 3555 2,
208 3497 239 3549 21
261 3499 265 3562 Ι
286 3495 320 3549 25
337 3498 391 3547 Gen
411 3495 436 3559 2,
455 3494 488 3546 21
510 3494 513 3560 Ι
536 3496 569 3547 26
588 3495 664 3544 Ionas
684 3496 707 3554 1,
726 3494 743 3547 5

233 3673 249 3725 2
266 3673 382 3723 mimizra
400 3678 442 3739 βγ,
463 3672 601 3722 meccedem
623 3690 644 3740 φ
661 3671 664 3737 Ι
680 3672 724 3737 2Ι3
744 3660 867 3739 abluti-eu
879 3676 1045 3737 srisimaemsis
1058 3678 1139 3733 prior,
1160 3691 1266 3740 αρχηον

153 3759 330 3821 'scaphusanus
348 3768 370 3807 et
388 3758 565 3823 berolanensis}
587 3758 604 3809 4
622 3774 723 3826 προτης
743 3760 905 3806 berolinensis
920 3758 924 3824 Ι
941 3760 957 3810 5
974 3758 1105 3807 manifeste
1125 3765 1142 3823 β
1157 3759 1161 3821 Ι
1178 3761 1210 3812 11
1228 3760 1269 3808 Ibi

162 3864 185 3915 φ
201 3848 205 3911 Ι
222 3845 255 3898 12
273 3844 385 3895 bdellion
404 3849 429 3892 et
448 3844 507 3893 onix
524 3850 572 3911 dy:
595 3859 655 3905 quae
673 3847 748 3906 edidi,
774 3860 805 3892 ea
815 3848 968 3910 srisinqemsi
978 3845 1081 3910 priori!
1100 3844 1132 3897 15
1152 3862 1218 3895 nunc
1237 3866 1266 3915 φ,

162 3941 197 3990 >
215 3938 251 3997 by
272 3931 275 3993 Ι
300 3932 333 3983 16
351 3930 482 3980 florentem
505 3931 581 3994 paulo
602 3936 659 3979 snbe
678 3949 700 3999 φ
721 3928 725 3996 Ι
748 3929 782 3982 18
802 3931 1154 3995 enraaspsurcamcsmc
1172 3935 1267 3997 frisin-

160 4023 243 4083 qensis
259 4021 339 4079 prior,
357 4020 400 4066 sed
416 4017 432 4065 d
450 4020 476 4065 in
494 4034 584 4065 rasura
603 4033 677 4065 manu
689 4020 784 4079 prima:
802 4032 878 4082 anyer
893 4034 1174 4081 aparmnmnnesxnuc
1197 4035 1266 4079 scep-

162 4108 284 4165 baumes,
312 4118 530 4170 asymapammae
550 4119 651 4152 caurus
678 4106 834 4152 berolinensis
864 4104 868 4169 Ι
898 4103 931 4155 22
954 4119 1085 4155 εκστασιν
1102 4107 1268 4169 srisimaensis

156 4196 245 4255 prior,
266 4190 363 4239 extasin
381 4191 449 4257 γβΙ,
465 4198 503 4253 Ι>
519 4192 553 4255 ΙΙΙ
575 4190 579 4255 Ι
602 4189 635 4242 23
653 4189 784 4239 thardema
802 4209 840 4258 φ,
862 4190 983 4245 σπάσασα,
994 4195 1031 4257 dy
1053 4188 1058 4257 Ι
1080 4191 1114 4243 24
1132 4191 1270 4241 kstororan

160 4284 211 4346 ῥγ,
232 4277 312 4326 karan
330 4282 360 4342 β,
381 4292 461 4340 garon
478 4293 511 4343 y:
527 4280 691 4341 frisinqemsis
705 4259 778 4338 prior
796 4278 840 4324 lma
858 4279 908 4326 loeo
924 4280 1003 4326 literis
1019 4282 1112 4342 arsacis
1130 4281 1164 4328 ita
1181 4283 1269 4345 untur,

157 4372 189 4415 'ut
208 4366 297 4415 Graeci
315 4366 364 4425 ipsi
386 4358 516 4413 eorrectius
530 4368 632 4431 pinsere
649 4366 693 4412 uie
709 4366 846 4427 patuissent
