3125 5167
295 418 312 471 8

288 600 341 645 sus
363 582 395 645 in
418 582 551 647 hebraeo
574 584 622 647 est
645 602 738 665 quam
761 583 813 646 hic
832 582 1034 666 intellegitur.
1080 583 1126 647 ait
1147 582 1230 647 enim
1257 589 1286 646 et
1308 586 1426 649 eneitl

290 686 390 749 Adone
421 686 523 769 (haud
550 686 676 752 dubium
707 688 781 771 quin
811 686 973 769 dominus)
1008 693 1037 751 et
1062 691 1197 752 tetiwre
1221 689 1301 770 fecit
1326 693 1393 751 ente

289 791 465 875 paradisum
489 795 653 876 uoluptatis
673 795 815 856 cherubin
836 797 865 855 et
880 792 1052 869 flammeum
1070 794 1224 876 pledenn,
1253 798 1307 875 qui
1326 814 1393 854 ner-

290 899 404 958 teretur
425 900 454 959 et
474 898 634 961 custodiret
653 902 736 961 niem
759 899 839 979 tipni
854 901 944 965 niter,
978 916 1040 960 non
1063 896 1144 980 quod
1166 893 1392 979 ipsemecum,

292 1018 385 1084 quem
409 1000 543 1065 eiecerat
563 1000 654 1079 deus,
678 1001 821 1065 habitare
843 1002 954 1065 fecerit
975 1003 1083 1066 contra
1102 1000 1282 1086 paradisum
1301 999 1392 1064 uolu·
1409 991 1428 1045 5

291 1103 405 1188 piatis,
436 1104 491 1168 sed
513 1104 596 1187 quod
617 1104 673 1169 illo
699 1105 798 1169 eiecto
822 1106 895 1169 ante
917 1106 1000 1169 fores
1025 1103 1162 1188 paradisi
1185 1105 1334 1169 cherubin
1362 1107 1393 1169 et

291 1207 472 1273 flammeum
494 1207 636 1292 gladium
657 1210 797 1292 posuerit
817 1209 856 1274 ad
879 1198 1117 1275 custodiendum
1134 1209 1272 1292 paradisi
1294 1211 1394 1275 uesti-
1418 1278 1422 1286 ,

291 1310 416 1389 bulum,
439 1330 478 1377 ne
498 1314 567 1396 quis
588 1316 695 1396 posset
712 1314 844 1379 intrare.

377 1419 418 1479 Et
438 1422 567 1502 concepit
588 1425 616 1482 et
638 1425 757 1503 peperit
777 1422 853 1484 Cain
881 1425 910 1483 et
935 1421 1017 1483 dixit
1034 1420 1200 1502 Adquieini
1232 1419 1311 1502 (siue
1326 1442 1395 1504 poc-

289 1520 369 1601 6666)
389 1523 535 1585 hominen
553 1545 609 1606 per
627 1524 723 1587 denen.
752 1523 829 1589 Cain
851 1523 1016 1606 adquisitio
1029 1523 1096 1588 siue
1119 1524 1272 1609 possessio
1293 1524 1393 1588 inter-
1412 1528 1447 1581 10

291 1627 450 1707 pretatur,
477 1626 510 1690 id
532 1629 581 1691 est
603 1630 725 1712 κτῆσις,
755 1629 837 1693 unde
860 1628 1083 1712 etymologiam
1102 1628 1200 1711 ipsius
1219 1628 1393 1711 exprimens

292 1728 338 1793 ait
358 1733 482 1807 canithi,
512 1730 544 1793 id
567 1734 615 1796 est
635 1732 775 1814 possedi,
801 1732 961 1797 hominem
983 1752 1039 1817 per
1060 1732 1160 1797 deum.

379 1836 419 1897 Et
440 1840 572 1919 respexit
594 1838 667 1899 dens
688 1858 778 1921 snper
800 1838 878 1901 Abel
898 1841 926 1901 et
947 1860 1179 1920 supernonere
1202 1843 1282 1915 eene,
1304 1849 1395 1922 anper
1449 1830 1452 1833 ’

292 1937 366 2001 Cein
385 1942 482 2001 entem
505 1945 533 2002 et
546 1962 637 2024 snper
651 1942 800 2022 sacrificiu
822 1946 886 2005 eine
908 1964 965 2005 non
986 1946 1127 2026 reapeeit.
1158 1947 1395 2006 et'contrictetns

292 2046 335 2105 est
357 2042 431 2106 Ccin
462 2045 559 2107 uelde.
611 2045 693 2110 unde
717 2046 795 2110 scire
825 2048 948 2129 poterat
971 2045 1048 2110 (lain
1078 2047 1160 2129 quod
1190 2047 1296 2111 fratris
1327 2047 1393 2111 eius
1412 2052 1447 2104 15

291 2165 421 2211 munere
443 2148 629 2231 suscepisset
652 2150 728 2214 deus
751 2152 783 2214 et
805 2170 861 2214 sua
883 2150 1093 2235 repudiasset,
1123 2150 1184 2215 nisi
1212 2150 1268 2214 illa
1296 2151 1393 2215 inter-

292 2252 427 2332 pretatio
454 2272 529 2317 uera
557 2255 619 2330 est,
658 2273 752 2336 quem
780 2254 973 2319 theodotion
1003 2254 1107 2339 posuit
1140 2260 1168 2317 et
1194 2254 1396 2336 inflammarit

292 2356 428 2418 dominns
449 2379 540 2441 snper
562 2359 639 2422 Abel
662 2365 689 2422 et
707 2382 799 2444 cuper
816 2361 998 2440 sacrificiunt
1019 2342 1098 2437 6166,
1121 2381 1211 2444 snper
1226 2360 1301 2423 Gein
1323 2380 1394 2421 nero

293 2465 321 2522 et
342 2480 433 2541 super
457 2463 638 2543 aeere'fieinrn
661 2468 726 2526 eins
747 2487 805 2528 non
827 2464 1049 2546 inflammarit?
1093 2465 1201 2547 ignem
1228 2465 1335 2527 autem
1354 2460 1394 2525 ad

193 2622 195 2627 .
293 2563 480 2629 sacrificium
503 2566 716 2632 deuorandum
739 2568 866 2633 solitum
897 2570 1004 2633 uenire
1028 2568 1064 2633 de
1090 2567 1175 2632 caelo
1200 2567 1285 2631 etin
1307 2566 1395 2630 dedi·
1412 2576 1449 2629 20

294 2668 415 2741 catione
437 2669 549 2754 templi
576 2672 634 2735 sub
656 2671 821 2737 Salomone
849 2672 984 2756 legimus
1015 2675 1047 2736 et
1080 2670 1200 2756 quando
1224 2671 1333 2735 Helias
1361 2670 1395 2732 in

292 2773 398 2836 monte
422 2771 556 2839 Carmeli
578 2776 752 2840 construxit
776 2778 884 2841 altare.

378 2880 419 2940 Et
447 2880 527 2943 derit
554 2883 690 2945 olonn'nns
727 2883 765 2944 ed
789 2884 863 2946 (lein
886 2883 986 2955 Quare
1016 2882 1142 2944 concidit
1169 2882 1273 2942 nultus
1304 2876 1396 2941 tnnc?

290 3004 382 3049 nenne
411 2989 440 3048 a·
467 2991 545 3050 recte
583 2987 706 3068 efferae,
750 3009 806 3050 non
836 2990 914 3049 reete
946 2990 1044 3049 entern
1079 2984 1234 3063 druidae„
1244 2979 1396 3067 peccasti?

291 3096 421 3175 quiesce,
446 3094 485 3155 ed
506 3099 533 3157 te
555 3096 707 3156 connercio
729 3095 811 3153 eins:
840 3095 869 3153 et
890 3095 923 3152 tn
943 3091 1142 3153 dominaberis
1161 3093 1235 3150 cens.
1286 3105 1395 3151 neces·
1414 3093 1450 3147 25

292 3198 385 3263 sitate
420 3185 624 3281 conpellimur
659 3197 693 3259 in
729 3194 861 3277 singulis
892 3192 1008 3257 diutim
1037 3192 1202 3268 inmorari,
1244 3189 1396 3274 siquidem

176 3318 179 3323 ’
292 3305 324 3367 et
346 3322 431 3367 nunc
452 3302 552 3367 multo
574 3302 653 3366 alius
675 3300 708 3364 in
728 3298 862 3364 hebraeo
886 3317 979 3381 quam
998 3298 1030 3360 in
1050 3298 1135 3361 LXX
1156 3297 1396 3362 translatoribus

293 3426 402 3472 sensus
425 3409 473 3471 est
494 3413 538 3471 eit
557 3411 632 3471 enirn
656 3406 794 3469 dominns
814 3406 853 3467 ed
877 3403 951 3467 Cain
974 3402 1074 3474 Quare
1096 3408 1236 3466 ireecera'e
1258 3407 1286 3466 et
1306 3424 1398 3485 quere

294 3513 422 3575 concidit
442 3515 546 3575 nultus
565 3510 667 3575 tuost.
708 3532 800 3573 nonne
821 3513 850 3571 ei
870 3511 940 3570 benc
959 3511 1070 3589 eperia,
1093 3507 1259 3570 dimittetur
1267 3509 1348 3599 tibi,
1371 3510 1398 3568 et

292 3620 322 3677 si
340 3638 397 3679 non
418 3619 487 3679 bene
507 3620 617 3698 eperia,
646 3619 712 3676 ente
730 3614 820 3693 fores
833 3616 990 3695 peccetnrn
1009 3615 1094 3673 tenne
1114 3612 1240 3689 sedebit,
1264 3616 1292 3674 et
1311 3611 1350 3673 cd
1370 3616 1398 3673 te
1415 3614 1451 3667 30
1551 3619 1552 3680 l

291 3725 413 3783 societas
436 3724 514 3782 eins:
535 3718 586 3782 sed
606 3723 638 3780 tn
659 3721 756 3799 rncpe'o
778 3717 931 3779 dereinere
959 3719 1031 3777 eins.
1078 3714 1159 3797 quod
1183 3716 1288 3778 autem
1311 3713 1396 3791 dicit,

292 3825 352 3888 hoo
373 3824 430 3887 est.
476 3842 570 3906 quare
590 3822 736 3892 irasceris
763 3823 795 3885 et
818 3819 954 3884 inuidiae
975 3818 1008 3881 in
1038 3818 1169 3882 fratrem
1196 3818 1294 3883 liuore
1326 3838 1397 3882 oru-

364 3972 554 4037 9Gen4,ll
580 3963 1395 4033 136611115116166161,11211163618,381

294 4060 328 4114 23
347 4060 509 4122 (tentet

364 4192 456 4244 4616
484 4207 533 4256 quo
553 4211 574 4261 φ
600 4192 605 4256 l
632 4192 663 4244 11
689 4195 793 4239 xrtncrc
821 4190 990 4246 berolinensis,
1016 4186 1113 4234 xrhcrc
1133 4188 1296 4250 srieinpeneis
1318 4189 1398 4247 prior,

294 4295 407 4329 nurnero
428 4276 612 4345 sceptncanusl
636 4278 668 4331 12
687 4277 773 4326 conith
793 4296 815 4345 φ
837 4276 841 4341 Ι
864 4276 896 4327 15
914 4277 1015 4342 poterat
1033 4276 1077 4338 ply,
1096 4270 1181 4335 potuit
1196 4289 1243 4340 μφ
1264 4272 1269 4337 Ι
1293 4273 1327 4324 15
1343 4271 1398 4320 eius

297 4367 392 4437 -Ινμφ
409 4364 412 4432 Ι
429 4365 461 4418 17
482 4373 519 4414 est
538 4382 593 4435 γφ,
620 4365 653 4413 sit
669 4369 701 4430 e,
719 4368 785 4412 esset
802 4381 822 4432 μ
840 4374 844 4426 Ι
861 4362 894 4414 22
914 4359 1022 4409 carmelo
1040 4376 1085 4426 μφ
