3125 5167
301 386 336 443 64

300 570 356 635 per
371 541 562 637 npdtrpopro
578 568 649 613 cum
663 549 775 633 Ioseph
798 552 832 615 et
849 550 982 633 posteris
997 548 1062 614 suis
1075 547 1258 633 Aegyptum
1279 549 1400 633 ingres·
1419 553 1434 605 1

303 674 354 721 sas
385 673 452 719 esse
480 652 639 731 dixerunt,
671 652 703 717 in
725 653 969 719 Deuteronomio
997 653 1083 719 LXX
1106 655 1232 719 tantum
1256 654 1402 718 introisse

302 760 485 824 memorant.
545 758 626 841 quod
649 756 675 823 si
696 779 712 823 e
735 758 891 823 contrario
913 756 1003 823 nobis
1030 757 1109 823 illud
1132 758 1313 840 opponitur,
1342 777 1403 841 quo

303 863 394 929 modo
419 863 450 927 in
480 862 600 927 actibus
629 856 841 945 apostolorum
869 862 903 926 in
931 863 1076 927 contione
1104 862 1255 945 Stephani
1281 862 1404 927 dicatur

304 968 342 1033 ad
364 966 514 1052 populum
535 965 650 1031 LXXV
672 966 791 1031 animas
813 966 972 1050 ingressas
992 984 1060 1031 esse
1082 965 1281 1051 Aegyptum,
1302 966 1403 1031 facilis
1420 975 1448 1027 5.

303 1071 460 1137 excusatio
484 1072 541 1135 est.
592 1071 763 1162 nonenim
793 1070 900 1135 debuit
928 1071 1055 1135 sanctus
1073 1070 1193 1149 Lucas,
1226 1071 1280 1152 qui
1307 1070 1405 1152 ipsius

276 1214 279 1221 Δ
303 1176 451 1243 historiae
474 1175 606 1257 scriptor
635 1175 699 1252 est,
727 1173 759 1237 in
790 1176 899 1257 gentes
922 1176 1047 1239 actuum
1072 1173 1286 1259 apostolorum
1313 1173 1405 1238 notu·

304 1300 377 1345 men
416 1279 561 1345 emittens
601 1278 792 1343 eontrarium
828 1277 944 1359 aliquid
979 1278 1115 1343 scribere
1152 1277 1302 1343 aduersus
1336 1296 1405 1341 eam

303 1385 500 1467 scripturam,
521 1399 601 1464 quae
625 1380 688 1447 iam
710 1382 814 1446 fuerat
836 1381 1007 1464 gentilibus
1030 1382 1200 1465 diuulgata.
1245 1383 1279 1446 et
1298 1382 1405 1463 utique

303 1489 401 1555 maior
438 1486 590 1572 opinionis
621 1484 676 1551 illo
712 1485 875 1550 dumtaxat
912 1488 1052 1569 tempore
1086 1484 1171 1551 LXX
1198 1486 1406 1568 interpretum
1425 1495 1459 1547 10

303 1592 476 1659 habebatur
502 1589 671 1656 auctoritas
700 1609 795 1673 quam
822 1588 939 1667 Lucas,
977 1591 1031 1672 qui
1057 1590 1183 1673 ignotus
1212 1592 1243 1655 et
1271 1591 1343 1654 nihs
1373 1592 1411 1654 et·

305 1716 367 1763 non
386 1714 518 1779 magnae
539 1694 611 1758 fidei
637 1692 669 1759 in
693 1694 871 1759 nationibus
895 1694 1073 1761 ducebatur.
1126 1695 1186 1759 hoc
1216 1694 1321 1759 autem
1347 1714 1405 1777 ge-

305 1802 453 1868 neraliter
476 1798 704 1865 obseruandum
733 1797 815 1881 quod
844 1798 1032 1881 ubicumque
1064 1799 1165 1865 sancti
1194 1798 1326 1883 apostoli
1350 1800 1405 1863 aut

306 1904 468 1991 apostolici
502 1903 562 1968 uiri
597 1902 743 1967 locuntur
772 1902 812 1965 ad
840 1890 986 1986 populos,
1021 1903 1070 1967 his
1104 1902 1287 1987 plerumque
1313 1903 1406 1966 testi·

303 2010 417 2075 moniis
442 2008 627 2084 abutuntur,
662 2026 740 2090 quae
769 2007 834 2071 iam
862 2006 1039 2071 haerentia
1061 2007 1208 2089 gentibus
1231 2006 1403 2089 diuulgata,
1425 2017 1458 2069 15

304 2113 379 2178 licet
408 2111 547 2196 plerique
583 2109 709 2177 tradant
736 2111 855 2176 Lucam
878 2106 1114 2193 ¹euangelistarn
1148 2113 1184 2175 ut
1212 2110 1405 2193 proselytum

304 2218 455 2283 hebraeas
477 2216 584 2281 literas
606 2216 774 2299 ignorasse.

391 2324 498 2385 Iudam
519 2344 590 2384 uero
614 2325 695 2382 misit
715 2326 781 2383 oete
802 2341 833 2381 ee
859 2321 898 2382 od
920 2322 1039 2402 Ioseph,
1069 2324 1291 2424 utxoecuooeret
1313 2323 1344 2382 ei
1369 2321 1408 2383 ad

305 2431 407 2491 urbem
443 2430 565 2489 bereum
599 2430 629 2487 to
659 2429 739 2487 terro
768 2424 920 2486 Romeece
971 2423 1004 2485 in
1038 2422 1172 2487 hebraeo
1204 2442 1270 2512 nec¹
1297 2424 1408 2488 urbem

307 2530 402 2596 habet
422 2530 552 2594 heroum
574 2547 631 2592 nec
652 2530 768 2592 terram
788 2528 948 2604 Ramesse‚
971 2526 1026 2591 sed
1049 2529 1172 2591 tantum
1188 2527 1279 2592 modo
1294 2526 1406 2594 Gosen.
1424 2537 1460 2591 20

307 2634 367 2701 non
386 2633 464 2698 nulli
486 2630 671 2697 Iudaeorum
693 2630 952 2697 asseruntGosen
976 2650 1058 2695 nune
1080 2630 1271 2697 Thebaidem
1293 2633 1408 2697 uocari.

309 2742 340 2804 et
361 2739 408 2816 id,
436 2736 517 2821 quod
539 2739 648 2820 postea
672 2736 811 2820 sequitur
840 2737 920 2799 dedit
948 2741 993 2806 eis
1018 2742 1051 2799 ut
1071 2737 1258 2818 possiderent
1277 2737 1411 2821 Aeqppo·

309 2850 421 2909 terrem
445 2847 584 2926 optimam
605 2846 636 2904 io
658 2842 816 2918 Remeeae,
839 2859 956 2923 pagum
979 2839 1166 2904 Arseuoi'ten
1189 2840 1235 2904 sic
1254 2840 1329 2904 olim
1349 2859 1408 2905 uc·

310 2948 415 3013 catum
437 2946 610 3012 autument.

396 3054 436 3115 m
459 3054 538 3115 disc
562 3056 591 3115 ee'
612 3054 686 3114 Iuro
711 3072 780 3132 erpo
807 3052 891 3112 mebi.
943 3053 971 3111 et
997 3051 1115 3111 iurauit
1144 3052 1188 3124 et,
1215 3054 1243 3111 et
1270 3049 1409 3112 1111111111
1426 3071 1462 3123 25

310 3160 427 3222 Israhel
449 3162 550 3221 contro
569 3160 766 3235 summitatem
788 3158 895 3235 co'rpoe
923 3157 995 3217 11111.
1047 3152 1134 3243 etin
1157 3151 1217 3215 hoc
1246 3152 1314 3217 loco
1341 3153 1411 3235 qui·

312 3260 383 3327 dam
418 3260 535 3325 frustra
572 3258 721 3325 simulant
749 3258 893 3323 adorasse
926 3257 1018 3323 Iacob
1053 3257 1267 3321 summitatem
1296 3258 1412 3341 scephi

78 3382 81 3389 ⁴
195 3424 197 3428 .
313 3367 441 3465 Ioseph,
471 3364 551 3450 quod
573 3364 719 3429 uidelicet
740 3364 896 3446 honorans
917 3362 1016 3427 filium
1037 3363 1225 3445 potestatem
1248 3362 1313 3425 eius
1336 3360 1411 3425 ado-

312 3471 445 3549 reperit,
477 3488 547 3535 cum
577 3469 609 3532 in
639 3468 772 3532 hebraeo
803 3466 901 3531 multo
932 3466 1024 3531 aliter
1053 3464 1178 3549 legetur
1221 3472 1248 3530 et
1275 3468 1413 3531 adereat

313 3576 415 3659 inquit
431 3574 606 3639 Israhel-od
627 3578 714 3657 capot
740 3576 860 3635 lectuli:
882 3570 964 3653 quod
993 3570 1127 3648 scilicet,
1148 3572 1313 3654 postquam
1327 3571 1410 3637 iura·
1428 3587 1465 3645 30

313 3682 394 3746 uerit
423 3680 451 3744 ei
477 3679 574 3754 filius,
605 3696 742 3763 securus
755 3677 793 3741 de
815 3676 976 3759 petitione,
1007 3694 1099 3757 qnam
1121 3678 1303 3757 regenerat,
1337 3675 1423 3740 ado-·

314 3786 392 3850 rarit
413 3784 505 3860 deum
528 3784 637 3847 contra
659 3783 753 3863 caput
774 3779 883 3844 lectuli
911 3780 967 3844 sui.
1017 3780 1143 3843 sanctus
1167 3778 1277 3861 quippe
1301 3780 1333 3842 et
1354 3780 1412 3844 deo

315 3889 437 3955 deditus
463 3889 511 3952 uir
532 3904 696 3971 oppressus
726 3886 888 3949 senectute
917 3884 961 3946 sic
988 3883 1125 3947 habebat
1150 3881 1302 3945 lectulum
1329 3883 1412 3964 posi·

385 4038 404 4091 4
421 4042 469 4086 Aet
487 4038 511 4098 7,
532 4035 565 4088 14
580 4034 585 4101 Ι
601 4034 634 4088 18
653 4035 707 4083 Gen
724 4033 767 4097 46,
785 4030 890 4100 28122
907 4030 1022 4092 (111141,
1042 4032 1073 4084 11
1089 4029 1095 4098 Ι
1110 4028 1144 4083 25
1163 4030 1275 4094 (111147,
1293 4031 1326 4083 31

388 4154 402 4207 l
421 4153 582 4225 προλημψιν
601 4160 623 4199 et
643 4153 801 4200 berolinensis
819 4159 842 4197 et
855 4148 1020 4213 frisehpmsie
1038 4146 1411 4215 11111111Ι31111111111111111φΙ

316 4240 551 4307 4contentionecp
574 4236 577 4305 Ι
600 4237 815 4305 Gexeussatioop
847 4232 852 4303 Ι
875 4235 1079 4302 ὃαᾶιιετειιιιιφ
1112 4236 1115 4299 Ι
1149 4233 1322 4297 9gentihbus
1339 4238 1368 4301 p,
1387 4229 1414 4283 in

317 4327 434 4395 gentibus
451 4344 474 4395 φ
489 4324 493 4392 Ι
510 4326 543 4377 12
561 4324 690 4374 dicebatur
707 4329 724 4391 β
740 4324 744 4389 Ι
760 4322 795 4376 14
809 4323 946 4387 loquuntur
963 4338 985 4389 φ
1001 4320 1005 4386 Ι
1020 4319 1054 4371 20
1071 4318 1104 4372 21
1122 4335 1200 4384 gosen
1215 4324 1257 4389 βφ
