3125 5167
723 1024 940 1100 corollarium.
956 1102 962 1113 ,

366 1172 412 1237 Ut
428 1190 535 1238 omnes
548 1172 734 1256 Hieronymi
756 1173 846 1251 libri,
869 1172 1009 1239 simodo
1030 1173 1217 1238 haberemus
1238 1174 1278 1239 ad
1298 1174 1383 1238 codi-

279 1296 350 1342 cum
372 1276 659 1360 antiquissimorum
687 1277 781 1343 fidem
805 1295 966 1354 excussos,
1001 1276 1041 1342 ad
1061 1278 1224 1343 historiam
1255 1278 1382 1362 linguae

280 1382 444 1447 hebraicae
474 1380 720 1465 cognoscendam
743 1382 913 1466 plurimum
941 1383 1047 1448 essent
1065 1382 1196 1460 facturi,
1221 1383 1381 1459 itachia,

280 1504 371 1567 quem
394 1485 501 1550 statim
524 1484 560 1550 de
581 1505 677 1551 manu
703 1486 899 1570 depositurus
921 1505 964 1552 es.
1013 1504 1053 1549 ne
1080 1486 1212 1569 paginae
1240 1485 1382 1551 albedine

280 1589 361 1654 oculi
381 1588 561 1668 laedantur,
582 1609 681 1655 unum
704 1591 879 1673 exemplum
901 1591 991 1656 iuuat
1011 1591 1202 1672 protrahere.
1245 1596 1382 1668 11111166,

240 1781 242 1787 Α
281 1700 321 1756 12
353 1694 411 1757 nod
438 1696 486 1758 est
509 1694 542 1757 in
569 1694 758 1759 berolinensi
781 1727 815 1745 =-
837 1711 920 1788 urge.
973 1694 1062 1759 uides
1093 1713 1187 1777 quam
1213 1696 1298 1759 recte
1325 1714 1382 1778 ge·

279 1796 442 1863 semmelte
464 1797 705 1882 abhandlungen
726 1804 835 1876 2368
857 1797 1005 1862 Adadum
1024 1798 1177 1863 Macrobii
1200 1818 1237 1862 61
1252 1797 1381 1863 Aehado

279 1905 459 1985 corruptum
483 1902 629 1979 dixerim,
655 1902 708 1985 qui
727 1901 813 1967 idem
832 1902 866 1967 in
887 1902 971 1967 Isaia
994 1908 1045 1979 66,
1070 1910 1108 1966 17
1131 1902 1275 1968 occurrit.
1315 1921 1381 1969 nnn
1508 1895 1512 1902 ’

279 2007 362 2071 enim
383 2026 506 2087 eorum,
529 2008 582 2090 qui
604 2007 637 2071 in
658 2006 759 2071 hortis
782 2020 924 2085 1111616111
945 2021 1113 2093 arnapam,
1135 2006 1201 2089 ipse
1224 2008 1273 2070 est
1294 2005 1381 2070 Ado·
1508 2051 1513 2060 .

277 2110 335 2175 nis.
379 2110 447 2176 noti
469 2116 568 2199 κῆποι
589 2100 763 2187 Ἀδώνιδος
789 2128 853 2175 non
881 2128 899 2173 e
923 2108 1019 2174 Suida
1038 2113 1071 2174 et
1098 2108 1219 2174 Iubano
1247 2112 1380 2187 tantum,

278 2214 333 2279 sed
355 2234 372 2280 e
395 2214 536 2280 Platonis
558 2214 701 2280 Phaedro
723 2214 815 2279 275⁶.
865 2232 964 2296 neque
987 2232 1041 2277 cur
1066 2212 1115 2285 illi
1137 2213 1282 2277 carnibus
1304 2213 1380 2278 suil-

277 2318 317 2383 lis
339 2322 521 2398 uesoantur‚
545 2320 690 2403 cuiquam
712 2319 829 2403 poterit
849 2319 1017 2383 obscurum
1037 2336 1120 2394 esse,
1144 2336 1239 2400 quum
1261 2318 1381 2382 Adonis

278 2443 297 2487 a
327 2424 430 2489 Marte
459 2424 587 2489 inmisso
616 2442 670 2490 sue
702 2424 739 2506 (a
769 2441 829 2506 quo
858 2422 975 2487 mensis
1005 2419 1109 2515 paup)
1135 2420 1169 2485 in
1185 2426 1321 2488 eremtus
1349 2422 1381 2485 in

279 2529 418 2593 omnium
449 2531 612 2612 poetarum
645 2526 834 2592 carminibus
862 2526 1046 2591 celebretur.
1105 2526 1189 2589 idem
1218 2545 1305 2620 nuru,
1343 2516 1394 2589 de'

278 2633 366 2700 cuius
387 2634 476 2700 luctu
497 2634 611 2699 totiens
633 2630 769 2697 Hebraei
791 2631 945 2697 locuntur.
