3125 5167
1243 413 1301 469 71-

138 586 203 649 1in
233 583 389 667 plerisque
417 582 619 660 dissentiunt,
657 601 712 664 pro
740 579 998 671 interpretatione
1020 586 1151 655 eorum,
1180 579 1216 641 ut
1243 577 1276 640 in

172 690 305 753 hebraeo
321 688 475 765 habetur,
499 687 716 769 expressimus,
759 687 792 750 et
814 687 863 748 est
884 701 992 748 sensus
1014 681 1157 765 capituli:
1186 681 1276 745 olo-

173 793 257 874 seph,
282 793 334 875 qui
356 791 426 856 ideo
447 792 491 856 sio
507 790 638 867 uooaris,
664 790 735 872 quia
751 788 878 853 adauxit
892 791 924 851 te
940 787 1017 850 mihi
1034 786 1186 864 dominus,
1209 785 1277 850 siue

173 897 245 977 quia
264 898 346 961 inter
367 896 480 961 fratres
503 898 575 959 tuos
597 894 695 958 maior
719 893 843 956 futurus
865 910 898 955 es
920 891 1103 975 (fortissima
1125 889 1276 972 siquidem

139 1000 232 1065 5fuit
265 1000 365 1065 tribus
398 1000 564 1081 Ephraim,
597 1000 633 1063 ut
666 998 700 1060 in
735 998 917 1080 Regnorum
951 996 983 1058 et
1018 993 1277 1076 Paralipomenon

172 1104 260 1169 libris
286 1103 450 1187 legimus),
482 1104 650 1185 oinquam
672 1101 718 1165 fili
746 1102 791 1164 mi
813 1101 945 1182 Ioseph,
972 1098 1027 1180 qui
1053 1099 1119 1162 tam
1147 1097 1279 1181 pulcher

173 1228 223 1285 os,
254 1212 299 1283 ut
329 1211 361 1273 te
385 1210 452 1272 tota
473 1207 511 1271 de
536 1206 632 1270 muris
654 1208 685 1269 et
708 1203 849 1281 turribus
871 1223 907 1268 ao
930 1202 1076 1267 fenestris
1102 1202 1278 1285 puellarum

172 1313 311 1396 Aegypti
337 1312 430 1399 turba
458 1311 654 1394 prospectet,
687 1307 866 1373 inuiderunt
893 1306 951 1371 tibi
975 1309 1007 1371 et
1037 1309 1069 1371 te
1092 1306 1131 1371 ad
1153 1306 1277 1369 iracun-

174 1415 258 1481 diam
281 1415 531 1497 prouooaueruut
552 1414 667 1479 fratres
690 1397 754 1489 tui,
772 1413 941 1477 ,habentes
962 1410 1071 1475 liuoris
1091 1411 1224 1493 sagittas
1247 1415 1280 1474 et

123 1528 157 1582 10
176 1518 235 1583 zeli
256 1519 367 1584 iaculis
397 1518 562 1583 uulnerati.
612 1536 723 1582 uerum
744 1518 780 1580 tu
804 1533 910 1580 areum
934 1518 1025 1579 tuum
1049 1516 1081 1578 et
1110 1505 1198 1579 aima
1219 1534 1278 1595 pu-

57 1633 63 1641 ·
174 1622 291 1706 gnandi
310 1624 443 1706 posuisti
463 1624 495 1687 in
520 1622 595 1700 deo,
625 1622 677 1704 qui
704 1620 795 1685 fortis
819 1622 868 1685 est
892 1621 1121 1703 propugnator,
1154 1621 1185 1682 et
1207 1621 1279 1683 uin-

175 1728 245 1791 eula
266 1730 336 1805 tua,
368 1728 478 1811 quibus
501 1729 533 1791 te
557 1727 738 1809 ligauerunt
765 1725 894 1800 fratres,
923 1724 962 1788 ab
992 1724 1060 1805 ipso
1082 1723 1185 1787 soluta
1206 1725 1280 1786 sunt

175 1835 207 1895 et
230 1831 368 1913 dirupta,
398 1835 434 1897 ut
454 1851 489 1895 er
512 1832 567 1895 tuo
591 1830 708 1895 semine
728 1828 830 1893 tribus
852 1829 999 1893 nascatur
1021 1828 1187 1912 Ephraim,
1215 1827 1278 1891 for-

175 1935 217 1998 tis
245 1938 278 1999 et
304 1935 426 1999 stabilis
458 1937 490 1999 et
518 1935 619 1998 instar
648 1933 761 2016 lapidis
792 1932 925 1997 durioris
956 1932 1088 2008 inuicta,
1122 1933 1279 2013 imperans

124 2049 158 2103 15
176 2058 297 2121 quoque
321 2039 428 2105 decem
449 2039 592 2104 tribubus
614 2037 744 2102 Israhel.

262 2147 422 2207 Beniamin
444 2146 535 2227 lupus
562 2164 676 2227 repom,
705 2164 791 2206 mooe
813 2142 943 2205 oomedet
964 2143 1074 2221 adhue,
1104 2148 1146 2205 et.
1164 2144 1202 2205 od
1232 2164 1280 2205 ue-

175 2270 291 2332 speram
320 2250 402 2312 debit
431 2270 535 2311 esrom.
593 2265 790 2328 quamquam
815 2246 853 2310 de
880 2246 980 2310 Paulo
1011 2246 1151 2328 apostolo
1182 2247 1279 2310 mani-

175 2352 345 2417 festissima
378 2352 540 2435 prophetia
567 2351 623 2428 sit,
662 2350 744 2433 quod
777 2350 810 2413 in
845 2350 1055 2415 adolescentia
1098 2352 1280 2433 persecutus

176 2456 356 2533 eeclesiam,
386 2457 418 2521 iu
443 2457 604 2521 senectute
629 2455 826 2538 praedicator
849 2454 1005 2539 euangelii
1033 2455 1143 2533 fuerit,
1173 2457 1279 2521 tamen

125 2571 159 2626 20
172 2548 211 2624 ¹in
233 2560 367 2627 hebraeo
393 2560 438 2625 sio
463 2560 579 2644 legitur
601 2561 760 2625 Beniamin
788 2562 878 2642 lupus
904 2580 1003 2643 rapam
1033 2560 1112 2643 (sino
1141 2562 1279 2645 eupator),

176 2668 208 2725 ab
231 2670 375 2729 matutino
398 2668 541 2748 praedam
570 2665 699 2727 comedet
727 2670 754 2727 et
784 2664 823 2725 od
849 2685 1003 2747 uesperam
1031 2665 1147 2728 dierat
1172 2668 1278 2749 spolio.
1394 2734 1398 2741 ¹

178 2765 258 2848 quod
287 2767 333 2832 ita
356 2769 491 2834 Hebraei
514 2768 703 2833 edissemnt:
735 2767 851 2844 altare,
888 2752 921 2831 in
949 2769 1018 2850 qno‘
1038 2769 1280 2833 immolabantur

176 2870 297 2935 hostiae
328 2874 359 2936 et
388 2873 587 2938 uictimarum
614 2862 741 2955 sanguis
772 2872 811 2936 ad
839 2872 939 2937 basim
971 2873 1056 2938 illius
1082 2874 1279 2951 fundebatur,

176 2973 209 3037 in
232 2978 320 3057 parto
343 2976 507 3041 Beniamin
530 2977 598 3041 fuit.
641 2976 721 3054 hoe,¹
739 2976 898 3059 inquiunt,
922 2996 997 3061 ergo
1019 2978 1175 3062 signifieat
1197 2979 1279 3060 quod

125 3082 160 3137 25
178 3078 356 3171 sacerdotes
377 3099 469 3144 mane
490 3080 654 3144 immolent
677 3081 796 3145 hostias
822 3083 855 3145 et
877 3080 917 3145 ad
945 3100 1108 3164 uesperam
1138 3082 1279 3147 ‹liuidant

177 3204 223 3261 ea,
245 3202 325 3265 quae
343 3168 402 3247 ilbi
424 3204 443 3248 a
464 3184 579 3267 populo
601 3203 638 3248 ex
660 3184 730 3267 lege
754 3184 879 3248 conlata
901 3186 992 3262 sunt,
1021 3184 1131 3269 lupum
1151 3186 1278 3269 sangui-

177 3288 315 3365 narium,
336 3287 446 3370 lupum
469 3307 615 3353 uoraoem
638 3288 860 3371 superaltaria
882 3288 1138 3371 interpretatione
1160 3309 1278 3373 ponen-

176 3396 224 3457 tes
247 3395 279 3457 et
300 3392 470 3474 spoliorum
492 3390 675 3456 diuisionem
696 3410 788 3473 super
811 3393 1041 3473 sacerdotibus,
1064 3394 1116 3476 qui
1138 3395 1277 3459 seruien-

176 3498 224 3561 tes
239 3496 349 3575 altari,
377 3497 487 3563 uiuant
507 3496 544 3560 de
568 3495 669 3561 altari.

246 3644 414 3707 resonet,
435 3644 468 3697 27
489 3714 492 3717 Ι

247 3774 281 3828 12
298 3778 388 3827 fratres
403 3776 549 3841 ligauerant
566 3754 608 3845 ‹le
625 3775 658 3829 18
676 3779 841 3841 persequutus
860 3794 882 3845 φ
897 3775 901 3843 l
916 3775 949 3829 21
969 3778 1080 3828 comedet
1099 3776 1216 3843 praedam
1235 3779 1275 3849 gol

178 3858 312 3913 23basam
331 3862 686 3932 p128p29seruiantesp1,
710 3866 773 3925 qaod
791 3866 878 3912 adnoto
896 3866 953 3924 qaia
976 3867 1025 3914 iam
1042 3868 1075 3914 od
1090 3872 1207 3929 sergeant
1224 3884 1277 3917 ser·

175 3946 246 4013 jeant
262 3952 326 3999 urbm
344 3960 470 4001 monstrat.
512 3938 516 3949 ³
