3125 5167
1252 385 1287 449 db

149 561 268 637 1tum,
305 560 342 625 ut
369 555 436 644 ipse
467 552 597 625 iacentis
626 558 753 625 babitus
783 559 899 644 absque
930 557 1113 624 difficultate
1150 557 1216 623 ufla
1246 557 1285 624 ad

184 666 355 730 orationem
379 666 462 730 esset
485 667 621 748 paratus.

157 840 164 847 ,
268 772 497 835 Maecenatem
520 775 563 833 est
583 772 687 853 Ioseph
702 770 778 832 Ecce
792 775 881 852 pater
903 775 975 833 tuus
994 774 1142 851 aspectat:
1166 774 1194 831 et
1213 772 1286 833 tulit

183 875 258 937 duos
268 875 356 955 fildas
383 896 452 937 suos
472 896 586 952 secum,
624 876 783 937 Manassen
805 876 1010 969 etprruo'm.
1063 892 1100 937 ex
1129 873 1188 937 boo
1217 873 1285 938 loeo

149 976 276 1055 5illud,
305 978 387 1059 quod
411 997 504 1061 supra
527 978 677 1055 diximus,
705 976 935 1042 demonstratur
958 977 1028 1059 quia
1050 969 1164 1059 Ioseph
1187 977 1226 1042 ad
1254 976 1286 1041 id

151 1107 154 1112 ·
183 1080 328 1145 locorum
343 1081 420 1147 duos
438 1083 563 1146 tantum
586 1081 665 1145 filios
687 1080 850 1158 habuerit,
879 1081 1029 1164 Ephraim
1053 1083 1085 1145 et
1107 1082 1286 1147 Manassen.

184 1186 211 1251 si
235 1186 317 1249 enim
345 1187 418 1270 post
444 1186 561 1251 multos
591 1204 689 1250 annos
717 1185 868 1249 moriente
890 1186 984 1249 Iacob
1012 1187 1101 1268 patre
1129 1205 1185 1250 suo
1209 1185 1286 1250 dnos

176 1291 308 1354 tantum
324 1290 415 1354 modo
437 1289 518 1354 filios
542 1289 630 1353 duxit
653 1289 692 1353 ad
715 1288 973 1366 benedictionem,
995 1290 1103 1372 utique
1125 1290 1181 1354 illo
1203 1292 1286 1353 tem·

183 1413 273 1475 pore,
303 1413 375 1458 cum
396 1393 453 1457 filii
476 1393 542 1458 eius
564 1413 712 1477 generare
740 1412 803 1457 non
832 1393 1010 1475 quiuerant,
1046 1393 1169 1476 paruuli
1192 1395 1286 1476 atque

133 1505 166 1559 10
183 1497 347 1575 lactantes,
370 1498 402 1561 in
424 1498 567 1581 ingressu
589 1499 687 1581 patris
704 1500 735 1562 et
757 1498 889 1562 fratrum
904 1500 1033 1579 nepotes
1054 1517 1090 1562 er
1107 1499 1152 1563 eis
1172 1498 1286 1562 babere

185 1622 246 1667 non
269 1603 380 1684 potuit.

271 1709 312 1769 Et
332 1707 514 1786 confortatus
534 1709 650 1770 Israhel
670 1708 746 1769 sedet
768 1728 858 1789 super·
879 1708 1030 1769 lectulum.
1080 1712 1219 1771 eausam‘
1231 1725 1286 1771 cur

184 1810 269 1875 LXX
291 1810 477 1892 interpretes
504 1809 585 1874 idem
612 1810 743 1874 uerbum
765 1810 858 1874 aliter
880 1811 974 1891 atquo
1000 1809 1092 1874 aliter
1122 1810 1284 1888 ediderint,

185 1914 303 1979 neseio:
333 1915 393 1978 boc
415 1933 512 1979 unum
534 1913 682 2005 audacter
705 1914 773 1977 dico
797 1914 880 1995 quod
907 1912 1010 1996 ipsum
1033 1913 1164 1978 uerbum
1186 1921 1285 1994 matta,

134 2026 168 2080 15
187 2017 268 2101 quod
300 1994 352 2082 bic
387 2019 420 2083 in
453 2018 606 2083 lectulum
641 2018 883 2093 transtulerunt,
922 2036 1028 2099 snpra,
1067 2018 1119 2081 ubi
1153 2018 1286 2082 diximus

187 2122 330 2188 adorasse
346 2122 456 2201 Iacob,
479 2124 602 2206 uirgam
623 2122 727 2207 potius
749 2141 853 2203 quam.
865 2121 1017 2186 lectulum
1037 2122 1285 2187 nominauerunt

271 2230 312 2290 Et
331 2250 407 2291 nanc
426 2249 488 2290 ecoe
508 2229 566 2290 cluo
580 2228 650 2307 filii
667 2232 725 2303 tui,
754 2231 808 2309 pai
826 2231 892 2289 nati
912 2232 980 2289 sunt
1000 2229 1058 2289 tibi
1074 2230 1106 2289 ia
1125 2232 1205 2289 mora
1228 2227 1287 2289 Ae-

183 2336 281 2414 pppta
305 2320 460 2414 cutequdm
480 2336 613 2395 uenirem
632 2332 670 2394 ud
692 2337 721 2394 te
740 2331 933 2413 ieAepypto,
956 2334 1018 2392 mei
1034 2334 1118 2393 cant:
1139 2333 1287 2413 Ephraim

185 2440 213 2497 et
234 2438 373 2499 Menosca
402 2441 489 2519 quaa
512 2438 618 2499 Boeben
640 2440 668 2497 et
695 2439 782 2517 quasi
806 2435 931 2516 Symeon
957 2440 1044 2497 eant
1071 2437 1155 2497 mebi
1215 2456 1288 2517 paco

133 2548 169 2603 20
186 2544 283 2603 uatem
309 2544 501 2623 pencrauera'e
527 2545 594 2623 post
622 2542 707 2617 baec,
736 2542 786 2601 tui
813 2543 915 2615 munt,
950 2542 983 2601 in
1010 2543 1126 2601 nomine
1147 2540 1287 2619 fratrum

185 2665 308 2707 morum
334 2648 524 2709 uocabantur.
577 2642 603 2707 si
632 2624 700 2726 quis
732 2642 913 2726 ambigebat
942 2641 1024 2724 quod
1052 2642 1137 2707 LXX
1164 2644 1286 2708 animae

185 2746 367 2812 introissent
395 2749 576 2831 Aegyptum
611 2747 746 2812 filiorum
774 2746 896 2812 Israhel
923 2748 956 2811 et
990 2747 1072 2830 quod
1102 2748 1215 2830 Ioseph
1251 2766 1287 2811 eo

174 2837 341 2933 tempore,
380 2870 439 2935 quo
461 2852 624 2936 ingressus
652 2853 700 2915 est
728 2850 837 2928 Iacob,
873 2865 935 2915 non
963 2868 1092 2927 nouem,
1127 2850 1181 2915 sed
1209 2850 1287 2915 duos

152 2950 155 2957 ’
186 2957 310 3020 tantum
331 2956 411 3021 filios
432 2956 593 3033 habuerit,
616 2955 773 3038 praesenti
794 2953 930 3037 capItulo
954 2954 1169 3033 confirmatur,
1190 2955 1287 3036 siqui-

133 3063 170 3119 25
188 3058 259 3123 dem
287 3060 352 3142 ipse
374 3048 467 3125 Iacob
488 3060 627 3143 loquitur
649 3060 726 3125 duos
750 3079 822 3125 eum
843 3058 925 3123 filios
947 3058 1111 3136 habuisse,
1138 3076 1200 3122 non
1229 3078 1286 3122 no·

186 3168 268 3227 uem.
312 3164 393 3245 quod
402 3167 520 3240 ,autem
549 3164 626 3229 dicit
648 3166 794 3248 Imploratus
822 3169 851 3227 et
872 3166 1013 3226 Monetae
1033 3167 1111 3225 aad
1131 3164 1238 3225 Ruben
1260 3169 1288 3226 et

186 3266 417 3350 Syracusarum
444 3273 533 3348 mibi,
562 3268 642 3333 illud
661 3268 836 3351 signifieat:
862 3266 946 3331 siout
966 3266 1076 3331 Ituben
1099 3268 1132 3330 et
1153 3264 1287 3347 Symeon

188 3370 267 3435 duae
294 3372 397 3438 tribus
420 3375 511 3438 erunt
541 3376 573 3439 et
603 3392 638 3437 er
670 3374 734 3439 suis
763 3371 925 3437 uocabulis
954 3369 1210 3453 appellabuntur,
1242 3371 1286 3433 sic

187 3476 336 3560 Ephraim
366 3480 398 3541 et
423 3478 570 3542 Manasse
601 3476 680 3541 duae
713 3477 814 3542 tribus
849 3477 955 3553 erunt,
990 3475 1127 3557 duosque
1156 3475 1286 3558 populos

135 3603 171 3658 30
186 3580 394 3663 procreabunt
415 3582 446 3647 ot
468 3582 512 3645 sio
539 3568 759 3646 hereditabunt
780 3578 1029 3664 repromissionis
1052 3580 1182 3655 terram,
1206 3579 1288 3644 sIcut

188 3688 220 3749 et
241 3684 299 3748 filii
322 3685 393 3749 mei.
438 3684 573 3768 reliquos
596 3687 718 3763 autom,
748 3684 809 3761 ait,
839 3683 935 3760 filios,
965 3702 1041 3766 quos
1064 3685 1135 3766 post
1152 3685 1288 3746 mortem

187 3808 289 3853 meam
311 3788 470 3872 genueris,
500 3788 665 3853 ostendens
686 3788 820 3853 necdum
848 3788 904 3851 illo
928 3790 1067 3870 temporo
1098 3788 1288 3868 procreatos,

188 3898 238 3957 tui
255 3900 355 3973 crunt,
387 3897 419 3956 in
444 3897 559 3956 comatre
578 3894 719 3973 fratrum
747 3914 871 3956 saeorum
896 3896 1081 3955 uocabantur
1110 3895 1142 3953 ia
1170 3891 1288 3954 beredi-

188 4002 338 4061 tedesco.
383 4016 463 4075 non,
491 3996 607 4079 iuquit,
635 3997 789 4084 accipient
810 3995 979 4083 separatim
998 3998 1130 4073 terram,
1159 4011 1217 4059 nec
1237 3994 1287 4057 fu-

240 4166 1166 4237 3691148,1112691148,211769ιι48,56133(ὶθη48,6

240 4326 259 4382 4
276 4328 467 4398 suos>p214
483 4340 539 4380 ante
558 4345 587 4381 ex
609 4330 640 4395 -ὶ-
659 4330 694 4379 Et
712 4348 734 4399 φ
750 4329 753 4397 t
768 4324 862 4383 4'looo
875 4329 963 4397 >cpi
980 4329 1012 4381 14
1029 4328 1115 4377 metha
1131 4333 1156 4395 β,
1174 4330 1249 4379 maa
1267 4346 1290 4397 φ

1064 4413 1082 4466 b
