3125 5167
1201 360 1331 440 ‘⁵⁷‘

165 542 229 606 1in
249 544 374 607 heremo
391 542 526 607 difficilis
548 545 604 608 est.
635 560 697 607 non
717 540 796 607 nulli
817 539 930 624 putant
951 558 1047 623 aquas
1069 537 1186 603 cahdas
1209 539 1296 604 iuxta

158 668 162 680 ·
197 647 328 731 punicae
359 646 484 731 linguae
517 646 682 724 uiciniam,
726 664 804 729 quae
833 645 986 710 hebraeae
1016 644 1209 710 contermina
1237 645 1294 719 est,

197 752 256 817 hoc
275 752 427 816 uocabulo
452 750 630 835 significari.
654 751 729 815 sunt
749 749 802 831 qui
822 749 1012 813 arbitrentur
1033 766 1166 831 onagros
1189 747 1297 812 abhoc

198 856 349 921 admissos
371 876 438 921 esse
462 854 501 919 ad
525 855 627 920 asinas
651 853 808 938 etipsum
829 872 884 935 per
903 852 993 917 istius
1014 852 1100 917 modi
1123 851 1295 934 repperisse

164 960 412 1037 5eoncubitum‚
434 961 475 1025 ut
488 959 677 1025 uelocissimi
700 978 736 1023 er
755 957 805 1025 his
829 958 908 1023 asini
930 958 1139 1044 nascerentur,
1162 956 1217 1039 qui
1239 974 1296 1021 uo·

197 1066 307 1129 cantur
328 1069 440 1130 iamim.
465 1056 604 1148 plerique
621 1065 733 1148 putant
755 1060 838 1145 quod
860 1081 1011 1145 equarum
1034 1080 1147 1145 greges
1171 1060 1209 1125 ab
1232 1060 1296 1125 asi-

197 1170 246 1233 nis
265 1168 298 1232 in
321 1169 442 1234 deserto
465 1170 531 1251 ipse
552 1168 661 1233 fecerit
682 1168 801 1251 primus
823 1165 965 1243 ascendi,
987 1169 1024 1232 ut
1043 1166 1201 1231 mulorum
1221 1162 1294 1228 inde

197 1292 278 1338 noua
307 1274 415 1339 contra
443 1275 588 1338 naturam
621 1271 768 1337 animalia
798 1273 1008 1336 nascerentur.
1064 1270 1182 1354 Aquila·
1211 1270 1294 1333 huno

195 1375 299 1441 locum
322 1378 367 1443 ita
389 1378 552 1442 transtulit
579 1383 641 1462 ipse
658 1381 706 1439 cat
730 1376 892 1459 Acupqaa'
909 1380 1021 1440 inuenit
1041 1372 1098 1439 σὺν
1118 1375 1191 1451 τοὺς
1212 1368 1295 1459 ἡμῖν.

144 1481 180 1536 10
198 1483 230 1546 et
252 1480 455 1563 Symmachus
475 1480 620 1545 similiter
639 1476 714 1555 τοὺς
737 1470 828 1566 ἡμῖν,
851 1498 931 1561 quae
953 1479 1170 1563 interpretatio
1187 1471 1294 1561 plura-

195 1584 260 1650 lem
281 1606 447 1651 numerum
467 1584 632 1670 significat.
644 1636 662 1669 0
683 1584 767 1648 LXX
788 1601 863 1647 uero
886 1585 919 1647 et
940 1581 1133 1647 Theodotion
1157 1580 1296 1665 aequali-

196 1690 244 1754 ter
265 1690 493 1754 transtulerunt
514 1689 652 1753 dicentes
675 1683 729 1750 τὸν
752 1673 855 1768 topia,
888 1685 971 1769 quod
993 1685 1112 1751 indicat
1131 1704 1295 1767 numerum

166 1760 397 1877 tsingularem.

283 1902 324 1962 Et
350 1903 487 1981 regnauit
514 1920 573 1981 pro
601 1921 633 1961 eo
663 1900 751 1961 Iobub
772 1898 863 1978 filius
890 1898 968 1959 Zure
996 1898 1032 1959 de
1058 1898 1165 1960 Basra.
1212 1895 1304 1959 hunc,

146 2021 180 2075 15
197 2002 323 2086 qrridam
352 2002 547 2086 suspicantur
576 2021 643 2065 esse
668 2001 742 2077 Iob,
780 2002 817 2064 ut
850 2001 883 2064 in
911 2001 972 2064 fine
1001 2000 1169 2065 uoluminis
1199 1999 1297 2082 ipsius

197 2106 338 2171 additum
363 2108 418 2171 est.
464 2108 573 2171 contra
582 2106 719 2171 Hebraei
741 2106 884 2169 asserunt
903 2105 941 2169 de
959 2105 1084 2169 Nachor
1106 2124 1178 2169 eum
1200 2104 1297 2188 stirpe

197 2212 396 2295 generatum,
415 2211 451 2276 ut
473 2210 537 2276 iam
560 2228 653 2294 supra
674 2208 793 2275 dietum
816 2210 873 2273 est.

283 2319 323 2377 Et
351 2317 468 2378 Israhel
495 2316 603 2377 ditarat
629 2317 734 2397 Ioseph
758 2336 848 2397 cuper
875 2336 974 2377 ancaeo
991 2315 1078 2395 filios
1106 2332 1193 2391 suaa,
1227 2318 1297 2395 quia

196 2424 261 2483 erat
273 2420 365 2501 fitius
386 2424 557 2494 aeneoiuh'c,
585 2425 612 2483 ct
627 2420 707 2499 fecit
734 2422 763 2481 ci
787 2422 917 2481 tunicam
945 2423 1074 2481 numam.
1124 2436 1180 2501 pro
1209 2417 1297 2481 uaria

143 2540 179 2593 20
196 2522 302 2589 tunica
333 2522 449 2605 Aquila
487 2523 713 2605 interpretatus
755 2524 804 2586 est
839 2526 970 2585 tunicam
1007 2511 1218 2603 ἀστράγαλον,
1265 2520 1298 2585 id

197 2629 245 2691 est
267 2626 405 2691 tunicam
433 2626 583 2703 talarem,
612 2625 818 2709 Symmachus
847 2630 976 2689 tanmem
1008 2624 1200 2703 manicatam,
1231 2624 1297 2688 siue

197 2729 278 2814 quod
309 2728 347 2794 ad
379 2730 458 2794 talos
483 2748 580 2812 usque
604 2718 806 2794 descenderet
835 2730 867 2794 ct
893 2729 1038 2820 manibus
1060 2728 1188 2794 artificis
1218 2728 1298 2794 mira

198 2837 280 2899 esset
303 2835 454 2899 uarietate
478 2834 626 2899 distincta
648 2835 714 2901 siue
740 2833 822 2916 quod
844 2834 973 2899 haberet
994 2834 1147 2900 manicas:
1177 2832 1299 2916 antiqui

199 2939 282 3003 enim
303 2938 403 3021 magis
426 2937 554 3002 colobiis
575 2938 752 3003 utebantur.
858 3010 865 3022 ⁴
1141 2932 1145 2938 ’

143 3059 192 3113 25*
284 3044 324 3105 Et
346 3044 541 3106 uendiderunt
560 3046 665 3127 Ioseph
688 3045 870 3107 Iamubeh'tcle
890 3044 955 3105 XX
972 3048 1079 3106 aureae.
1124 3062 1179 3125 pro
1196 3042 1297 3107 aureis

181 3132 230 3210 ¹in
253 3146 384 3211 hebraeo
412 3149 576 3229 argenteos
597 3146 702 3211 habet.
745 3166 844 3228 neque
873 3146 982 3211 uiliore
1004 3146 1133 3212 metallo
1156 3145 1299 3211 dominus

197 3270 312 3315 uenum
336 3249 403 3315 dari
427 3249 536 3329 debuit
556 3269 650 3332 quam
665 3251 786 3334 Ioseph.

283 3338 457 3417 maurensis
477 3360 573 3417 aurem
596 3356 793 3419 cenassemus
811 3357 915 3438 soeph
935 3360 967 3417 a
981 3355 1117 3439 aeqypto
1130 3357 1299 3439 Phratapher

198 3462 328 3521 manebo
349 3459 515 3521 Pharaonis
541 3461 749 3543 orcbimepa'ro.
802 3458 836 3522 in
866 3458 1021 3542 plerisque
1045 3459 1123 3552 locis
1145 3459 1299 3524 archima-

270 3637 303 3691 14
321 3640 375 3689 Gen
393 3638 435 3700 36,
454 3637 487 3691 33
503 3637 507 3703 Ι
525 3639 556 3693 18
575 3639 629 3687 Gen
648 3638 689 3698 37,
710 3638 727 3691 3
743 3638 747 3705 Ι
763 3637 798 3692 25
816 3641 871 3689 Gen
889 3638 931 3701 37,
950 3637 1129 3705 28Ι2811111
1147 3639 1191 3704 36,
1208 3639 1242 3693 36

268 3800 433 3853 ⁴immissos
450 3818 472 3868 φ
490 3798 498 3866 Ι
518 3800 534 3853 9
552 3802 733 3865 cynrovehnru
746 3804 862 3867 frising,
888 3816 1077 3868 cynocycrrmrr
1096 3804 1199 3864 herolia,
1221 3817 1301 3869 cynro
1395 3801 1398 3805 ’

199 3903 252 3954 ycrr
266 3903 314 3936 nun
334 3890 436 3949 scaphae
452 3882 456 3952 Ι
473 3885 505 3939 10
516 3894 575 3947 post
594 3886 756 3949 similiter-{—
767 3888 812 3952 qui
829 3887 958 3956 inuenitrp
973 3890 977 3952 Ι
994 3889 1028 3941 10
1045 3890 1185 3938 rovc·hrau
1197 3891 1301 3954 frising,
1358 3918 1362 3923 -

199 3988 338 4039 ecycuaryc
357 3977 433 4035 hercl,
453 3988 588 4039 roycnnrrn
609 3978 710 4035 scaphae
742 3972 746 4040 Ι
781 3975 814 4027 12
829 3975 953 4024 tcniamin
969 3980 1029 4044 βγφ
1061 3973 1066 4040 Ι
1100 3975 1133 4029 14
1150 3976 1237 4025 bostra
1254 3971 1300 4044 φΙ

201 4056 279 4123 19120
295 4060 380 4108 tunica
403 4060 511 4125 uariass
541 4060 545 4123 Ι
578 4058 612 4111 20
631 4061 776 4125 astragalon
794 4065 855 4129 syo
889 4060 892 4127 Ι
926 4060 959 4113 21
979 4061 1091 4111 tunicam
1109 4065 1184 4123 prius
1201 4068 1235 4117 >
1254 4058 1299 4132 φΙ

200 4144 235 4198 22
253 4144 407 4193 descenderit
426 4152 463 4213 βγ
485 4145 489 4213 Ι
509 4148 543 4200 23
562 4152 626 4197 esset
647 4164 700 4215 γφ,
720 4152 793 4213 611111
816 4144 819 4214 Ι
842 4145 875 4201 25
893 4147 1042 4196 hismaelitis
1061 4166 1083 4216 φ
1104 4147 1109 4211 Ι
1130 4146 1163 4199 25
1184 4162 1223 4195 xx
1244 4150 1301 4215 ῥῑγ,

200 4231 294 4295 uiginti
315 4250 351 4299 φ,
372 4246 430 4280 xxx
447 4234 545 4301 fl2126
563 4233 590 4283 in
608 4234 717 4285 hebraeo
736 4239 769 4289 >
787 4252 810 4303 φ
825 4232 830 4301 Ι
846 4234 879 4286 27
900 4232 1041 4283 uenundari
1059 4239 1119 4304 βγφ
1141 4234 1145 4300 Ι
1164 4234 1199 4289 28
1215 4235 1302 4301 puthi-

201 4320 265 4385 phar
283 4334 316 4389 y,
338 4317 487 4392 photifarrp
