3125 5167
1224 396 1310 463 ,γ’

264 581 387 645 meeber
416 581 635 647 kirchenvhter
663 580 695 645 in
724 580 783 646 den
812 579 1024 646 bibliothehen
1058 578 1113 643 der
1142 578 1279 647 Schueiz
1324 562 1330 573 ¹

213 759 215 763 ,
265 702 376 783 (1865)
398 708 484 784 p37.

218 822 241 901 ll
262 821 458 907 frisingensis
483 830 561 900 111,
590 842 673 888 nunc
687 818 888 887 ¹monacensis
909 829 992 885 6311
1017 821 1093 886 satis
1116 821 1198 885 male
1220 821 1278 884 ha-

176 931 179 938 ’
235 943 364 1022 bitus,
387 945 572 1027 quadratus,
602 944 721 1009 saeculi
744 944 827 1010 noni.
871 944 1016 1027 excerpta
1038 944 1161 1008 tantum
1183 957 1278 1026 quae·
1313 1019 1315 1024 Ι

264 1063 335 1129 darn
357 1066 486 1149 praebet
502 1086 538 1129 81
553 1064 737 1149 Hieronymi
753 1064 986 1149 quaestionibus
1005 1063 1160 1129 hebraicis
1178 1042 1287 1145 neque¹

250 1164 281 1249 'a
302 1206 353 1250 me
376 1186 437 1251 nisi
458 1187 566 1269 paucis
590 1186 622 1251 in
642 1186 718 1253 locis
741 1187 899 1271 inspectus
923 1187 987 1265 est,
1023 1205 1118 1268 quum
1140 1185 1279 1251 eiusdem

261 1306 398 1397 familiae
421 1308 477 1385 811,
502 1308 589 1373 ouius
610 1308 805 1393 frisingensis
826 1308 918 1390 prior.
962 1307 1008 1371 ita
1030 1307 1111 1371 euim
1133 1326 1210 1371 uoco

219 1449 244 1511 φ
263 1426 483 1511 frisingensem
504 1436 561 1507 99,
591 1430 643 1513 qui
664 1449 747 1493 nunc
768 1431 817 1494 881
837 1427 1032 1494 monacensis
1055 1435 1149 1493 6299.
1198 1447 1277 1510 qua·

164 1616 170 1631 ,
262 1546 368 1613 dratus
392 1548 510 1614 saeculi
531 1550 636 1613 octaui
658 1549 798 1614 exeuntis
819 1549 872 1614 uel
894 1550 968 1615 noni
990 1548 1134 1615 ineuntis.
1182 1549 1276 1632 quum

260 1669 406 1734 Halmius
438 1644 488 1734 me
515 1670 583 1754 ipso
605 1670 716 1735 melius
746 1670 825 1735 sciat
854 1668 928 1753 quid
953 1671 986 1734 in
1014 1672 1074 1735 hoc
1101 1670 1180 1734 libro
1202 1670 1278 1733 insit

262 1791 293 1854 81
321 1774 444 1873 praeter
465 1791 627 1856 Halmium
648 1790 701 1857 uir
724 1792 871 1874 cuiquam
891 1793 968 1857 haec
992 1791 1184 1869 8111888111,
1214 1812 1276 1856 non
1379 1809 1382 1817 ’

182 1896 184 1900 ’
262 1910 411 1976 describo.

293 2032 436 2115 quintum
452 2031 591 2098 codicem
612 2033 678 2098 uidi
700 2033 947 2116 ratisponensem
970 2035 1071 2100 881811
1083 2035 1273 2099 Emmerami

173 2158 254 2229 429,
276 2172 359 2216 1118
378 2172 597 2218 monacensem
620 2160 742 2232 14429,
771 2155 889 2235 saeculi
909 2156 999 2232 noni,
1022 2158 1054 2221 81
1073 2156 1174 2238 ipsum
1197 2175 1275 2238 qua-

173 2273 310 2341 dratum„
332 2292 433 2355 pauca
453 2274 577 2339 tantum
604 2275 636 2339 11
658 2294 694 2339 88
710 2294 746 2339 81
758 2262 943 2359 Hieronymi
964 2276 1196 2358 quaestionibus
1219 2276 1274 2340 de-

171 2394 270 2459 libata
301 2396 389 2471 sunt,
425 2414 503 2478 qnae
532 2391 680 2479 temperis
711 2396 856 2481 angustia
884 2399 1071 2479 praeuentus
1097 2398 1273 2464 examinare

170 2525 232 2579 hon
255 2515 351 2597 potui.

204 2634 212 2660 '
275 2635 337 2701 Cur
359 2656 420 2702 non
442 2636 659 2732 frisingensem
687 2639 822 2722 priorem
851 2640 884 2704 in
911 2640 1028 2706 edendo
1049 2644 1174 2707 secutus
1204 2643 1299 2720 sim,-

170 2754 225 2820 sed
257 2745 485 2840 s'oaphusanum
522 2761 553 2824 81
596 2759 823 2826 berolinensem
859 2760 959 2825 multo
996 2762 1051 2826 illo
1085 2763 1273 2828 recentiores

170 2877 264 2942 duces
292 2877 540 2943 modestissimae
572 2880 793 2963 recognitionis
823 2901 912 2945 meae
941 2882 1152 2960 adhibuerim,
1182 2883 1213 2948 id
1240 2882 1273 2947 11

170 2997 250 3063 libro
273 3000 451 3082 germanice
474 3000 590 3082 scripto
614 3002 754 3083 exposui,
785 3002 835 3065 cui
856 3002 985 3067 titulum
1006 3002 1067 3067 feci
1086 3004 1271 3089 vorschlage

169 3118 244 3182 dher
268 3119 317 3183 die
341 3122 403 3198 art,
428 3121 483 3185 aut
500 3120 617 3185 welche
638 3122 705 3185 eine
729 3122 779 3187 fdr
800 3122 849 3187 die
872 3123 1087 3189 wissenschatt
1108 3128 1271 3191 vetuend-

170 3239 247 3304 bare
267 3239 405 3325 ausgabe
429 3241 482 3305 der
511 3244 724 3325 sogenannten
755 3244 953 3337 septuaginta
982 3245 1169 3329 hergestellt
1193 3269 1272 3313 wer-

171 3358 229 3424 den
250 3380 287 3427 zu
310 3361 432 3426 111181
455 3362 584 3427 scheint.

270 3482 454 3567 scripturae
486 3482 728 3566 discrepantiam
765 3504 828 3550 non
859 3487 1008 3567 poteram·
1034 3485 1157 3552 adicere
1188 3488 1270 3562 1118-
1344 3498 1346 3502 ’

169 3621 276 3686 gram:
299 3622 354 3667 cnr
372 3622 435 3667 non
456 3604 628 3685 potuerim,
652 3603 759 3669 taedet
781 3624 934 3689 exponere
950 3608 982 3671 81
1004 3608 1096 3673 facile
1119 3608 1272 3675 diuinabit

157 3706 223 3806 'qni
242 3724 400 3788 fortunam
422 3744 524 3789 meam
545 3744 601 3809 per
622 3726 676 3789 XL
700 3725 763 3789 iam
787 3746 884 3791 annos
908 3727 1072 3793 aduersam
1092 3730 1188 3797 nouit.
1238 3732 1272 3796 id

168 3862 242 3908 uero
265 3843 382 3926 liquido
406 3847 530 3910 constat
557 3866 650 3929 quam
673 3847 776 3930 exigui
798 3848 891 3929 pretii
915 3850 1082 3931 adparatus
1106 3851 1148 3915 sit
1171 3854 1271 3935 qualis
1314 3933 1317 3940 Ι

167 3962 219 4027 hic
241 3983 329 4029 meus
358 3984 393 4028 81
422 3964 567 4042 arbitrio,
595 3968 796 4051 paupertate,
824 3968 1006 4036 infirmitate
1024 3971 1163 4038 editoris
1190 3973 1271 4038 sele-

168 4086 247 4149 ctus.
296 4085 374 4149 meis
403 4086 576 4151 rationibus
606 4106 684 4170 quae
713 4088 902 4155 inseruireut
924 4092 1029 4156 omnia
1050 4111 1123 4157 cum
1147 4095 1270 4161 dectore

168 4207 413 4271 communicasse
435 4207 512 4271 mihi
533 4208 650 4272 uideor.
684 4210 925 4294 orthographica
945 4212 1036 4297 plura
1056 4214 1154 4280 adieci
1176 4237 1271 4300 quam

166 4343 224 4411 par
247 4327 314 4392 erat
335 4327 486 4409 intentis
507 4329 674 4415 angustiis,
704 4328 758 4395 sed
781 4331 919 4399 sciebam
942 4334 1112 4401 amicorum
1133 4357 1269 4422 quorun·
1379 4422 1382 4432 1
