3125 5167
1263 414 1297 468 67

159 587 228 649 let
255 584 479 663 hereditatem,
519 604 598 667 quae
633 585 849 668 primogenitis
879 587 947 649 iure
979 585 1164 661 debebatur,
1193 602 1297 649 sacer-

195 689 314 753 dotium
340 688 481 769 accipere
505 690 537 753 et
559 708 707 773 regnum:
744 677 803 753 hoc
825 691 940 774 quippe
967 691 1000 754 in
1027 689 1178 774 portando
1202 707 1296 754 onere

194 794 226 856 et
259 792 437 875 praeualido
468 793 594 883 robore
610 794 849 858 demonstratur.
914 813 1026 858 uerum
1053 793 1126 876 quia
1158 794 1297 876 peccasti

194 898 226 960 et
248 896 335 978 quasi
357 916 453 979 aqua,
484 915 562 979 quae
585 897 712 963 uasculo
739 916 802 963 non
825 900 967 975 tenetur,
987 897 1160 981 uoluptatis
1181 898 1295 961 effusus

159 1014 228 1066 aes
248 1000 383 1082 impetu,
410 1000 525 1065 idcirco
553 1001 612 1087 tibi
639 1002 795 1084 praecipio
818 1002 963 1067 neultra
990 1021 1099 1087 pecces
1128 1001 1231 1084 sisque
1260 1002 1294 1066 in

193 1104 326 1169 fratrum
355 1124 502 1183 numero,
540 1124 673 1187 poenam
702 1126 738 1170 es
771 1108 900 1189 peccato
930 1107 1037 1185 luens,
1066 1106 1147 1190 quod
1177 1106 1295 1189 primo-
1380 1155 1383 1159 ι

193 1208 292 1292 geniti
315 1210 456 1273 ordinem
477 1209 651 1291 perdidisti.

194 1359 199 1367 x
285 1314 410 1395 Symeon
432 1320 460 1377 ci
476 1316 557 1378 Lcui
568 1316 688 1395 fratrea
709 1322 987 1380 comemmoucruni
1003 1321 1189 1399 iniquitatem
1210 1316 1294 1378 odia-

193 1422 338 1481 ucatioaia
364 1440 452 1481 sace:
475 1424 510 1482 io
532 1424 691 1483 coambiunt
717 1443 819 1483 corum
841 1444 898 1484 noo
926 1426 1026 1485 amici
1048 1425 1147 1484 anima
1169 1441 1244 1497 meo,
1266 1425 1295 1481 ct

133 1536 176 1591 ·10
194 1526 225 1585 ia
255 1528 477 1605 conprepeiioec
506 1546 608 1586 corum
637 1546 693 1587 aco
721 1528 889 1588 aemuletur
916 1530 1000 1588 iecor
1027 1523 1141 1588 mcum:
1166 1528 1237 1607 quio
1263 1526 1295 1583 ia

183 1627 296 1706 farore
315 1649 368 1690 suo
388 1628 597 1707 interfecerant
623 1631 754 1692 bomioea
782 1630 822 1692 ct'
842 1635 873 1692 ia
895 1630 1041 1694 ἀεεὶἅθήο
1062 1650 1117 1692 cuo
1135 1631 1295 1691 4919999449-

192 1736 301 1793 aercot
325 1735 454 1794 taurum.
514 1731 701 1797 necessitate
732 1732 949 1815 compellimur
978 1734 1065 1797 iuxta
1100 1727 1294 1815 propositum

146 1826 152 1833 ’
193 1835 294 1917 operis
316 1833 438 1917 longius
462 1854 497 1899 ca
519 1838 677 1918 repetere,
703 1855 788 1918 quae
805 1837 845 1901 ab
863 1837 998 1901 hebraea
1020 1837 1154 1901 ueritate
1176 1834 1294 1899 discor·

192 1936 276 2001 dant.
328 1939 444 2021 legitur
466 1940 547 2003 enim
570 1939 614 2004 ibi
637 1942 762 2022 Symeon
784 1948 812 2004 et
834 1944 915 2004 Laui
925 1942 1058 2021 fraires,
1085 1962 1160 2003 uasa
1187 1922 1321 2022 miqui-¹

143 2058 176 2111 15
193 2045 264 2104 iotis
285 2063 370 2135 ortuo
392 2066 503 2106 coram.
548 2048 580 2105 ie
602 2066 742 2107 arcanum
765 2067 868 2108 corum
889 2068 925 2107 ac
947 2051 1037 2109 intret
1060 2050 1159 2108 animo
1180 2065 1245 2107 mcc
1266 2049 1295 2106 et

191 2149 386 2209 inconcreta
409 2164 510 2210 corum
532 2170 567 2210 nc
589 2150 774 2212 dissoluatur
791 2152 892 2232 piorie
919 2171 1000 2212 meo:
1036 2154 1106 2231 quia
1132 2154 1164 2211 io
1181 2150 1293 2229 furore

191 2270 253 2312 ouo·
267 2253 477 2332 interfecerunt
499 2256 602 2314 airum
624 2258 652 2314 et
672 2257 704 2314 io
723 2255 848 2316 libidine
873 2274 928 2316 auu
951 2254 1135 2333 suffoderunt
1161 2274 1290 2314 murum.

192 2353 347 2437 significat
363 2356 468 2419 autem
489 2374 551 2418 non
567 2356 615 2420 sui
635 2355 729 2419 fuisse
745 2356 867 2420 considit
882 2356 963 2439 quod
975 2356 1108 2439 Sychem
1120 2358 1153 2420 et
1164 2357 1293 2419 Emmor

191 2456 365 2521 foederatos
390 2458 476 2522 uiros
501 2459 715 2524 interfecerint
742 2463 911 2542 contraque
933 2461 982 2524 ius
1010 2460 1096 2543 pacis
1125 2462 1157 2523 et
1183 2459 1292 2523 amici-

139 2581 174 2633 20
192 2560 307 2625 tiorum
344 2560 531 2645 sanguinent
564 2563 701 2628 fuderint
730 2565 928 2629 innocentem
966 2567 998 2628 ct
1037 2564 1125 2646 quasi
1158 2564 1291 2647 quodam

190 2664 301 2742 furore,
316 2666 370 2730 -sic
386 2666 569 2731 crudelitate
586 2667 711 2750 raptati,
733 2688 838 2732 muros
854 2669 994 2752 hospitae
1009 2669 1096 2733 urhis
1112 2668 1290 2732 euertcrint.

232 2770 322 2834 Unde
338 2770 478 2851 sequitur
494 2772 526 2835 et
542 2770 627 2836 dicit.
640 2774 816 2835 maledictus
830 2773 927 2851 furor
949 2795 1059 2849 eoram,
1080 2777 1151 2854 quio
1164 2792 1290 2855 prooem,

189 2879 216 2937 ci
235 2879 284 2936 iro
305 2897 422 2951 eoram,
447 2880 517 2957 quio
540 2878 634 2938 duro:
671 2878 807 2938 diuidom
829 2897 878 2938 eos
897 2882 929 2938 io
952 2879 1037 2939 iacob
1066 2881 1094 2938 et
1121 2878 1290 2959 deiparpcm

189 2998 237 3040 eoo
258 2982 289 3039 ia
308 2980 432 3040 Israhel.
488 2978 567 3041 Leui
592 2980 676 3043 enim
704 2978 911 3043 hereditatem·
938 2979 1095 3060 propriam
1121 2996 1183 3041 non
1202 2996 1290 3041 accc-

136 3098 171 3151 95
189 3082 249 3163 pit,
280 3080 394 3145 sedin
421 3083 563 3147 omnibus
587 3083 717 3165 sceptris
753 3101 870 3164 paucas
894 3083 987 3146 urbes
1017 3082 1056 3146 ad
1084 3082 1291 3146 habitandum

3 3208 5 3297 ἑ
94 3270 98 3277 ἱ
187 3185 313 3249 hahuit:
338 3184 375 3249 de
388 3184 522 3267 Symeon
545 3205 619 3250 uero
642 3187 674 3250 in
696 3186 1062 3268 libroHiesuscriptum
1084 3186 1235 3268 estquod
1258 3188 1290 3250 ot

188 3290 253 3372 ipse
274 3290 433 3372 proprium
455 3290 629 3355 funiculum
648 3310 709 3355 non
729 3292 825 3355 fuerit
844 3293 1044 3366 consecutus,
1069 3289 1123 3360 sed
1146 3291 1184 3353 de
1206 3289 1290 3354 tribu

187 3392 266 3458 Iuda
290 3393 435 3475 quiddam
456 3396 627 3477 acceperit,
646 3396 678 3459 in
700 3395 945 3477 Paralipomenis
968 3397 1072 3458 autem
1092 3393 1289 3458 manifestius

189 3496 334 3561 scribitur
349 3496 440 3579 quod,
458 3518 529 3562 cum
550 3498 778 3581 multiplicatus
801 3498 912 3562 fuisset
928 3499 961 3561 et
982 3515 1044 3560 non
1065 3498 1195 3579 haberet
1217 3515 1289 3581 pos·

136 3626 171 3679 30
191 3601 337 3667 sessionis
366 3601 484 3678 locum,
523 3604 633 3668 exierit
666 3604 698 3667 in
733 3602 898 3667 desertum·
953 3601 1077 3683 quidam
1109 3590 1309 3685 prophetice¹

186 3704 368 3770 interfectos
404 3706 545 3771 homines
583 3708 739 3792 apostolos
775 3709 821 3773 et.
844 3706 1069 3770 subneruatum
1105 3707 1231 3771 taurum
1250 3726 1289 3771 a

187 3809 363 3875 Pharisacis
385 3808 543 3875 Christum
563 3812 817 3897 interpretantur.

275 3915 366 3991 Iuda,
393 3916 604 3978 intendebant
616 3916 735 3996 fratres
755 3920 809 3979 tui.
855 3913 928 3996 quia
946 3913 1026 3977 Iuda
1047 3913 1199 3978 confessio
1222 3913 1288 3977 siue

186 4017 256 4082 laus
286 4018 526 4101 interpretatur,
562 4022 786 4101 consequenter
817 4018 964 4095 scribitur
986 4019 1064 4080 Iuda
1090 4020 1149 4080 tibi
1176 4018 1289 4099 coafite-

185 4237 220 4291 33
239 4165 273 4286 Ga
292 4168 345 4290 013
358 4148 407 4289 ’,489
423 4169 440 4221 a
457 4170 474 4222 e
489 4168 493 4235 ι
509 4167 543 4221 99
561 4170 616 4219 oen
633 4166 676 4233 49,
695 4170 710 4221 r
727 4168 730 4235 i
746 4166 780 4221 ae
798 4168 873 4219 rosa
894 4166 969 4231 rs‚-1
986 4166 990 4234 9
1006 4164 1040 4218 99
1060 4166 1137 4216 ran
1155 4185 1173 4215 a
1191 4164 1264 4227 449
1281 4164 1284 4235 4

263 4253 293 4286 en
347 4277 352 4299 ‚
837 4266 844 4285 ι

257 4352 290 4406 16
300 4353 425 4406 desoletur
434 4351 468 4425 (pi
480 4353 513 4407 18
530 4356 623 4406 sichero
642 4360 666 4405 et
685 4372 754 4406 emor
773 4353 844 4425 fliffl
863 4356 959 4419 raptati
973 4351 1069 4424 flqlssi
1087 4360 1287 4436 consequutuscp

995 4455 997 4458 .
1033 4440 1077 4495 5*
