3125 5167
274 406 308 471 dd

275 570 395 637 niculos
425 568 585 635 habebunt
610 568 766 653 proprios,
802 569 839 632 ut
866 566 1006 651 reliquae
1026 566 1142 645 tribus,
1172 565 1226 633 sed
1254 567 1287 631 in
1316 567 1411 633 tri-1

275 676 376 742 bubus
397 674 546 758 Ephraim
562 676 607 759 ¹et
627 674 790 748 Mamaeae,
822 673 911 755 quasi
940 671 1126 754 adpendices
1156 672 1262 755 populi
1290 690 1376 735 com·

273 779 497 847 miscebuntur.

361 887 402 947 Et
422 906 474 966 ayo
497 884 566 945 dedi
591 885 650 945 tr'ha'
671 882 813 945 Sicimam
837 885 1030 965 praecipuam
1051 902 1141 963 saper
1160 881 1281 960 fratres
1301 886 1376 957 taos,

276 986 358 1070 (plus
373 1005 466 1069 quam
481 984 630 1051 fratribus
645 982 820 1067 tuisl'qaam
836 990 936 1069 accepi
948 987 984 1047 dc
999 984 1377 1048 maaibasAmorracoram
1393 991 1411 1044 5

274 1098 306 1155 αα
318 1092 421 1175 gladio
436 1113 499 1153 meo
515 1095 543 1154 et
557 1094 675 1172 aaaron.
718 1088 833 1153 Sicima
847 1088 934 1153 iuxta
948 1106 1092 1171 graecam
1108 1090 1140 1151 et
1154 1087 1286 1152 latinam
1301 1106 1376 1153 oon·

274 1196 473 1284 suetudinem
489 1194 644 1258 declinata
663 1168 724 1269 ede,
745 1192 882 1275 alioquin
897 1192 1041 1257 hebraice
1057 1191 1189 1275 Sychem
1205 1191 1328 1268 dicitur,
1340 1195 1376 1255 ut

275 1300 428 1364 Iohannes
446 1316 567 1382 quoque
590 1297 783 1380 euangehsta
803 1300 952 1373 testatur,
976 1295 1051 1360 licet
1072 1296 1185 1361 uitiose
1207 1298 1244 1359 ut
1259 1294 1377 1378 Sychar

275 1404 407 1491 legatur,
431 1420 516 1467 error
537 1401 678 1466 inoleuit:
703 1404 735 1465 et
747 1404 796 1465 est
810 1420 892 1465 nune
907 1400 1055 1484 Neapolis
1077 1399 1151 1464 urhe
1165 1399 1376 1465 Samaritano·

275 1527 353 1572 rum.
377 1508 449 1589 quia
470 1506 568 1589 igitur
581 1505 713 1588 Sychem
736 1505 846 1588 lingua
867 1504 1003 1570 hebraea
1025 1505 1212 1596 transfertur
1232 1504 1265 1567 in
1287 1509 1427 1567 uma-10

275 1631 360 1688 rum,
384 1610 512 1695 pulchre
527 1609 636 1674 allusit
657 1610 696 1674 ad
711 1628 833 1685 nomen,
855 1609 960 1673 dicens
973 1613 1000 1671 et
1014 1631 1066 1690 eya
1081 1610 1155 1671 dabo
1169 1611 1229 1672 tibi
1239 1630 1375 1671 ammas

275 1738 374 1779 anam.
420 1733 475 1797 pro
497 1714 662 1797 praecipuo
684 1714 776 1791 enim,
799 1712 889 1777 idest
903 1708 1063 1795 ἐξαιρέτῳ,
1088 1714 1153 1789 aad,
1168 1711 1201 1775 id
1216 1715 1265 1777 est
1278 1710 1376 1776 unum

275 1818 422 1883 scribitur
435 1818 468 1883 in
483 1817 626 1883 hebraeo.
653 1818 735 1900 quod
757 1819 863 1881 autem
887 1817 964 1880 dicit
985 1835 1018 1879 se
1035 1835 1105 1880 eam
1118 1818 1151 1879 in
1174 1836 1248 1881 arcu
1263 1818 1295 1880 et
1306 1816 1375 1899 gla-

276 1924 326 1988 dio
350 1922 539 2005 possedisse,
573 1942 679 1987 arcum
702 1921 753 1985 hie
775 1924 808 1985 et
829 1919 969 2003 gladium
998 1919 1153 1985 iustitiam
1182 1923 1290 1998 uocat,
1321 1940 1375 2003 per

275 2046 370 2110 quam
401 2028 517 2091 meruit
549 2025 732 2109 peregrinus
769 2028 801 2091 et
836 2024 956 2089 aduena
989 2024 1153 2088 interfecto
1175 2024 1311 2107 Sychem
1344 2027 1376 2089 et
1394 2029 1426 2082 15
1476 2046 1478 2052 r

275 2132 403 2197 limmor
425 2130 462 2195 de
484 2130 621 2212 periculo
644 2129 778 2195 liberari.
811 2129 917 2193 timuit
938 2130 1021 2191 enim
1045 2129 1093 2210 (ut
1113 2147 1207 2209 supra
1227 2128 1374 2212 legimus)

275 2254 314 2299 ne
343 2234 446 2299 uicina
474 2234 586 2317 oppida
616 2235 709 2316 atque
730 2224 870 2297 'castella
903 2233 941 2295 oh
977 2233 1170 2301 euersionem
1199 2232 1375 2297 foederatae

275 2339 362 2403 urbis
385 2338 535 2421 aduersus
565 2357 597 2401 se
626 2338 865 2420 consurgerent:
895 2339 927 2400 et
957 2335 1099 2400 dominus
1127 2346 1189 2401 non
1217 2336 1303 2401 dedit
1332 2338 1376 2400 eis

275 2446 311 2506 ut
332 2444 480 2507 nocerent
500 2442 556 2509 illi.
603 2440 655 2504 uel
677 2444 761 2506 certe
785 2442 831 2504 sic
852 2440 1114 2523 intellegendum:
1145 2439 1223 2505 daho
1245 2440 1305 2531 tibi
1327 2440 1375 2505 Si·

277 2548 402 2624 cimam,
431 2564 524 2627 quam
546 2545 609 2609 emi
629 2546 662 2608 in
689 2544 871 2609 fortitudine
900 2563 985 2623 mea,
1017 2545 1076 2608 hoc
1106 2546 1155 2609 est
1182 2544 1215 2608 in
1245 2546 1377 2628 pecunia
1392 2553 1426 2606 20

275 2670 369 2733 quam
406 2648 506 2713 multo
533 2649 641 2713 labore
663 2650 702 2717 ¹et
730 2647 842 2714 sudore
872 2631 1022 2730 quaesiui.
1080 2648 1161 2731 quod
1196 2651 1301 2713 autem
1332 2649 1377 2713 ait
1427 2731 1430 2734 Ι

163 2844 168 2848 ¹
274 2778 364 2839 saper
381 2755 499 2835 fratres
514 2759 598 2830 taos,
631 2752 767 2817 ostendit
788 2752 903 2834 absque
927 2754 1009 2816 sorte
1035 2751 1154 2816 dedisse
1184 2771 1252 2816 eam
1280 2751 1376 2817 tribui

276 2859 397 2942 Ioseph.
442 2856 594 2939 siquidem
617 2855 726 2921 eodem
754 2856 822 2921 loco
845 2856 984 2940 sepultus
1007 2858 1056 2920 est
1076 2857 1201 2938 Ioseph:
1233 2860 1265 2921 et
1286 2876 1376 2921 mau-

275 2962 394 3028 soleum
417 2962 482 3026 eius
505 2961 549 3025 ibi
572 2960 723 3044 hodieque
746 2962 892 3025 comitur.

362 3067 468 3130 Ratae
483 3070 702 3149 promogenitus
722 3088 821 3129 meos:
842 3072 877 3129 ta
889 3067 1043 3147 fortitudo
1060 3087 1126 3129 mea
1147 3071 1176 3129 et
1189 3069 1376 3149 praeceptam
1393 3076 1428 3129 25

266 3173 409 3252 filioram
430 3191 578 3233 mearam:
614 3171 710 3233 darae
728 3171 767 3233 ad
790 3170 963 3250 fereadum,
985 3174 1013 3233 et
1034 3171 1129 3233 durus
1144 3174 1329 3260 procacitate
1347 3174 1375 3231 et

275 3279 404 3351 αἀααναα,
433 3280 510 3337 aaut
530 3296 606 3356 aqua
628 3296 684 3337 noa
707 3276 842 3338 ebullias.
898 3273 1057 3360 ascendisti
1075 3277 1153 3335 caim
1174 3295 1264 3356 saper
1287 3276 1376 3335 lecta·

275 3382 339 3442 tara
371 3382 468 3461 patris
502 3382 564 3455 tad,
607 3384 676 3441 tanc
711 3382 836 3441 uiolasti
869 3382 997 3441 aratam
1033 3398 1146 3455 sacam,
1179 3398 1246 3439 cam
1280 3398 1376 3439 ascea-

271 3482 350 3544 da'otr'.
397 3480 431 3544 in
459 3480 589 3545 hebraeo
615 3481 661 3545 ita
684 3481 833 3563 scriptum
856 3482 904 3545 est
925 3482 1031 3543 Redeo
1048 3485 1265 3564 pramoyeadas
1285 3500 1394 3558 meua·

265 3586 419 3663 fortitudo
441 3606 520 3657 maa,
550 3590 578 3648 et
598 3588 763 3669 capriatam
785 3590 817 3647 αα
839 3587 1053 3648 dehortatorem:
1078 3590 1176 3649 maior
1193 3586 1232 3648 ad
1253 3584 1418 3667 patae-30

274 3690 345 3751 dam
382 3693 411 3750 et
444 3694 541 3751 maior
574 3692 696 3752 robore:
730 3688 842 3769 effusae
875 3711 906 3751 es
938 3694 1016 3751 aaut
1051 3710 1142 3771 aqaa,
1176 3711 1212 3752 ac
1252 3689 1374 3751 adicias.

274 3792 432 3856 asceadtetr'
462 3796 539 3855 eadm
575 3794 671 3856 aalide
696 3798 797 3876 patrio
829 3797 877 3856 taa'
903 3798 931 3855 et
957 3797 1164 3857 contaminasti
1186 3797 1313 3857 stratam
1342 3796 1376 3854 ia

231 3908 235 3917 ·
273 3916 402 3961 αααααα.
446 3898 494 3962 est
522 3898 628 3961 autem
657 3916 765 3963 sensus
792 3897 858 3960 hic:
895 3898 932 3960 tu
960 3916 992 3961 es
1021 3896 1248 3980 primogenitus
1276 3915 1374 3973 meus,

274 3999 373 4064 maior
395 3999 428 4064 in
456 4000 578 4079 liberis,
612 4002 643 4065 et
666 3999 794 4066 sedebas
821 4002 908 4066 iuxta
930 4001 1070 4066 ordinem
1097 4000 1273 4066 natiuitatis
1302 4002 1374 4065 tuae

341 4147 1374 4219 dcen48‚221810n4,5lleuenaolateenta,22125cen

273 4234 385 4297 49,34

342 4365 359 4417 6
378 4365 490 4414 sicimam
510 4364 585 4433 φ17
603 4366 699 4434 alioqui
717 4385 738 4436 φ
754 4369 758 4432 1
776 4366 809 4419 12
826 4369 941 4431 etepeuro
960 4368 1008 4418 aod
1026 4387 1057 4438 φ,
1077 4368 1280 4427 adernamaad
1297 4373 1316 4433 β
