3125 5167
1242 394 1288 451 *59

148 577 164 632 1
187 562 315 643 cipitata
336 566 380 624 est
402 582 440 623 eo
468 580 528 637 me,
557 552 618 623 non
642 557 724 642 quod
745 558 829 623 iusta
851 557 963 631 fuerit,
992 556 1046 622 sed
1070 557 1153 643 quod
1173 576 1288 641 conpa·
1393 641 1397 647 Ι

190 664 309 733 ratione
338 662 423 729 illius
451 663 555 729 minus
581 662 657 729 mali
686 661 811 739 fecerit,
845 680 1042 746 nequaquam
1069 680 1183 745 uagam
1220 664 1289 727 tur·

189 769 379 855 pitudinem,
391 766 456 867 sed
477 766 592 831 liberos
611 765 804 850 requirenda.

275 876 317 938 Et
339 894 401 936 ecce
422 893 558 955 opressum
585 876 636 935 est·
648 871 752 952 freter
773 875 853 947 eiua,
882 876 911 934 et
933 871 1014 933 dieii
1043 872 1078 935 lt
1096 872 1169 953 quia
1189 872 1290 935 dicire

138 980 156 1035 5
189 984 232 1041 esi
252 982 377 1061 propter
402 982 431 1040 te
452 974 602 1039 moceria?
638 980 668 1053 ct
693 979 815 1039 uocauit
841 996 944 1037 nomen
966 979 1031 1037 aar
1052 975 1175 1047 Haeret.
1233 994 1289 1060 pro
1396 1045 1408 1059 ,

189 1081 325 1147 maceria
360 1079 543 1145 diuisionem
580 1076 696 1161 Aquila
738 1079 770 1142 et
806 1076 1011 1161 Symmachus
1052 1078 1289 1158 transtulerunt,

108 1204 110 1211 ’
190 1185 272 1268 quod
296 1184 440 1249 hebraice
471 1181 585 1247 dicitur
612 1182 740 1247 Pharos.
790 1182 830 1245 ab
854 1200 889 1246 eo
917 1180 1014 1265 igitur
1037 1180 1118 1264 quod
1149 1179 1290 1248 diuiserit

189 1286 437 1373 membranulam
461 1284 683 1362 secundarum,
714 1284 875 1350 dirrisionis
901 1304 1015 1349 nomen
1037 1285 1166 1369 accepit.
1208 1284 1290 1350 unde

191 1395 223 1458 et
241 1391 421 1468 Pharisaei,
445 1390 496 1473 qui
520 1390 662 1471 aequasi
682 1389 781 1455 iustos
804 1408 823 1453 a
844 1388 958 1474 populo
980 1391 1219 1471 separarerant,
1241 1387 1289 1454 di·

139 1502 172 1556 10
190 1496 249 1561 uisi
270 1494 516 1581 appellabantur.
569 1518 572 1527 ⁴

277 1602 420 1663 Posthac
440 1602 516 1661 coiit
531 1598 636 1678 freter
655 1601 728 1675 eice,
764 1602 796 1659 io
818 1602 904 1661 cuiue
925 1618 1016 1661 rauna
1043 1602 1108 1660 erat
1125 1602 1290 1662 corciram:

190 1706 357 1767 desecuit
372 1724 478 1790 nomen
500 1706 565 1765 eius
586 1703 675 1764 Zoro.
719 1701 778 1765 hoo
799 1720 913 1765 nomen
933 1701 1158 1785 interpretatur
1177 1701 1290 1767 oriens.

189 1807 255 1871 siue
277 1806 389 1889 igitur,
417 1806 490 1888 quia
518 1806 638 1889 primus
666 1804 824 1889 apparuit,
853 1805 919 1869 siue
948 1805 1030 1887 quod
1059 1804 1189 1886 plurimi
1215 1804 1288 1870 iust‘

171 1909 227 1975 'ex
249 1929 286 1975 eo
310 1910 377 1975 nati
397 1911 488 1985 sunt,
508 1909 545 1973 ut
565 1908 597 1973 in
618 1908 698 1974 libro
714 1907 974 1992 Paralipomenon
995 1908 1180 1986 continetur,
1201 1908 1289 1986 Zara,

138 2025 172 2079 15
189 2015 222 2080 id
243 2016 291 2081 est
313 2015 431 2090 oriens,
455 2012 629 2096 appellatus
651 2014 707 2078 est.
822 2032 826 2036 ·
1113 2025 1116 2035 ’

278 2121 348 2183 Post
374 2121 466 2181 aerbo
487 2120 558 2181 hoec
581 2122 718 2201 peccauit
742 2121 879 2201 princeps
906 2121 1096 2181 atoariorum
1123 2122 1204 2201 repis
1227 2118 1290 2183 Aa·

186 2229 281 2307 pppti.
325 2220 380 2287 ubi
403 2240 459 2285 nos
488 2220 650 2304 posuimus
671 2219 843 2304 principem
861 2220 1067 2299 uinariorum,
1093 2220 1127 2285 in
1156 2222 1288 2287 hebraeo

190 2327 341 2410 scriptum
372 2325 467 2389 habet
500 2329 631 2403 mosoch,
674 2324 752 2389 illud
791 2324 938 2403 uerbum,
981 2324 1064 2407 quod
1096 2327 1130 2391 in
1165 2328 1289 2392 nomine

190 2430 273 2497 serui
295 2428 455 2495 Abraham
484 2426 600 2493 dudum
628 2427 777 2512 legimus,
806 2448 898 2512 quem
927 2448 983 2493 nos
1014 2448 1178 2514 possumus
1203 2449 1290 2496 mors

137 2548 172 2601 20
186 2534 278 2618 uulgi
304 2552 416 2599 uocare
443 2533 632 2615 pincernam.
691 2551 749 2597 nec
778 2532 842 2597 uile
872 2535 1000 2616 putetur
1028 2532 1180 2610 officium,
1218 2554 1290 2599 oum

190 2636 271 2720 apud
301 2656 391 2721 reges
428 2636 577 2702 barbaros
611 2654 710 2720 usque
746 2635 838 2701 hodie
868 2637 1021 2703 maximae
1055 2637 1216 2723 dignitatis
1248 2639 1291 2704 sit

189 2742 257 2826 regi
278 2741 426 2825 poculum
448 2740 635 2823 porrexisse,
658 2742 767 2822 poetae
791 2758 912 2825 quoque
935 2739 973 2805 de
989 2741 1144 2807 Catamito
1164 2744 1197 2808 et
1214 2742 1289 2807 Ioue

190 2846 382 2929 scriptitent,
401 2844 483 2928 quod
507 2844 658 2909 amasium
680 2863 772 2909 suum
793 2845 866 2910 huic
886 2844 988 2911 officio
1008 2846 1203 2929 manciparit.

277 2952 317 3013 Et
336 2972 399 3013 ecee
422 2954 496 3013 uitio
523 2954 554 3012 r'o
580 2954 732 3033 compecto
750 2970 828 3025 meo,
858 2954 887 3012 et
907 2954 937 3012 in
958 2955 1020 3013 cite
1048 2956 1109 3015 tres
1129 2952 1235 3031 fundi,
1262 2958 1290 3016 et

137 3067 172 3123 25
189 3058 255 3138 ipso
272 3058 450 3135 pes-minoas.
496 3055 561 3117 tres
581 3051 693 3118 fundos
715 3052 776 3117 tria
798 3052 924 3137 flagella
946 3056 979 3117 et
999 3056 1063 3119 tres
1091 3073 1195 3120 ramos
1223 3056 1289 3121 sius

189 3158 373 3243 propagines
400 3158 532 3223 hebraeo
556 3168 697 3222 sermone
720 3156 892 3239 significat,
921 3178 998 3241 quae
1026 3157 1066 3223 ab
1087 3158 1151 3223 illis
1173 3177 1289 3227 uocau-

189 3263 241 3327 tur
262 3267 416 3345 coriopim.

275 3368 315 3431 Et
342 3368 466 3430 uidebor
493 3370 572 3430 milri
602 3370 664 3430 irio
693 3370 824 3429 contire
858 3367 1079 3430 annosorum
1108 3373 1229 3451 periore
1258 3374 1290 3434 io

158 3487 161 3493 ·
189 3475 284 3555 eapite
313 3493 383 3535 meo.
438 3490 493 3553 pro
516 3470 615 3535 tribus
639 3468 783 3534 canistris
806 3467 1040 3534 chondritorum
1071 3476 1132 3535 tres
1152 3474 1290 3557 cophinos

137 3584 172 3637 30
180 3576 305 3656 seriam
326 3573 358 3637 in
380 3573 515 3639 hebraeo
537 3574 640 3639 habet.

232 3719 235 3728 ι
275 3679 459 3743 urescere
475 3677 580 3758 fluuio
603 3678 793 3741 ascendebant
820 3682 929 3761 sapam
961 3681 1050 3742 bocer
1076 3684 1223 3763 speciem
1251 3684 1290 3745 od

188 3782 349 3845 trimodum
377 3783 533 3845 etelectus
555 3784 712 3859 coraibus,
740 3786 770 3845 et
788 3784 988 3874 poscebantur
1007 3786 1039 3845 irs
1064 3787 1140 3847 celei.
1185 3784 1288 3851 bisin

258 3945 346 3997 4Gen
365 3946 407 4011 38,
424 3946 458 4000 29
491 3944 495 4013 Ι
529 3946 560 3999 11
580 3947 634 3997 Gen
652 3946 693 4009 38,
713 3944 911 4011 30114122121
929 3964 947 3996 α
965 3947 989 4006 2,
1009 3945 1097 4014 5116
1116 3949 1170 4001 Gen
1188 3950 1231 4012 40,
1252 3948 1287 4019 1Ι

189 4030 223 4086 24
240 4033 293 4082 Gen
310 4030 353 4096 40,
372 4034 388 4085 9
409 4034 442 4086 10
457 4032 461 4100 Ι
476 4031 511 4086 28
530 4030 643 4114 Gen40,
664 4032 696 4085 16
713 4029 766 4096 Ι·31
786 4032 840 4081 Gen
857 4030 899 4093 41,
918 4031 935 4084 2

259 4179 277 4233 5
297 4185 322 4229 et
338 4182 440 4231 uocauit
457 4197 546 4233 nomen
566 4180 620 4231 eius
637 4180 734 4231 Pharas
752 4188 786 4238 >
803 4185 821 4246 β
836 4179 840 4247 Ι
858 4179 984 4245 13Ι14οι
1002 4196 1032 4231 co
1049 4181 1112 4233 iusti
1130 4203 1153 4254 φ
1169 4184 1173 4251 Ι
1195 4186 1232 4240 19,
1244 4202 1291 4252 po·

176 4266 321 4332 'suimusy
347 4264 351 4330 Ι
380 4264 414 4319 26
430 4267 555 4329 hebraeus
573 4283 695 4335 sermopr
720 4266 724 4332 Ι
751 4266 790 4346 27.
805 4267 925 4331 scriatim
942 4272 987 4334 βγ,
1008 4268 1146 4340 sarigincp
1180 4269 1185 4337 Ι
1218 4271 1253 4327 28
1269 4284 1291 4325 et

188 4352 222 4407 29
240 4352 411 4407 conatorem
430 4357 482 4427 pp,
503 4354 660 4409 conditorum
678 4371 703 4423 γ.
739 4357 766 4405 in
784 4359 802 4419 β
822 4370 895 4421 super
912 4370 1009 4405 aarum
1026 4354 1067 4408 uel
1084 4355 1111 4410 di
