3125 5167
306 374 341 431 48

305 538 355 603 cst
377 539 409 601 et
436 458 546 602 contla
575 540 720 603 naturam
750 536 814 618 albi
843 540 875 603 et
907 540 991 623 nigri
1019 540 1140 625 pecoris
1174 542 1311 607 naturah
1345 545 1451 611 anter
1551 507 1553 563 l

304 642 466 725 pugnauit
526 643 590 706 tres
624 644 706 707 euim
737 644 862 726 uirgas,
894 644 1043 728 populeas
1074 647 1107 709 et
1135 645 1352 730 amygdalinas
1381 648 1415 711 et

305 744 382 809 mali
398 746 543 829 granau.
556 766 744 830 quamquam
764 746 849 811 LXX
871 749 1046 831 styracinas
1068 751 1100 813 et
1122 751 1270 815 nuciueas
1291 751 1323 813 et
1343 750 1414 832 pla·

306 851 431 914 taninas
453 850 606 927 habeant,
630 871 665 915 cr
688 854 776 934 parte
794 852 990 933 decorticans
1010 854 1135 918 uarium
1154 855 1315 938 uirgarum
1337 854 1415 918 fecit

305 954 452 1031 colorem,
475 957 524 1032 ut,
547 955 735 1037 ubicumque
759 957 792 1019 in
813 956 904 1039 uirga
925 958 1074 1022 corticem
1105 957 1296 1041 reliquisset,
1329 959 1449 1023 anti-5

306 1077 385 1140 quus
413 1062 610 1141 permaneret
642 1060 740 1137 color,
778 1060 833 1125 ubi
861 1080 936 1125 uero
964 1062 1091 1127 tulisset
1120 1063 1286 1141 corticem,
1326 1062 1413 1127 color
1551 1045 1552 1048 ¹

306 1161 456 1227 candidus
486 1164 685 1246 panderetur.
741 1165 930 1230 obseruabat
961 1184 1035 1249 ergo
1058 1167 1169 1243 Iacob,
1200 1168 1232 1231 ct
1257 1168 1412 1250 tempore,

305 1285 365 1350 quo
381 1267 629 1333 ascendebantur
651 1287 773 1352 peoora,
800 1272 832 1334 et
847 1272 920 1353 post
935 1269 1072 1335 calorem
1094 1270 1156 1334 diei
1179 1269 1219 1335 ad
1241 1272 1413 1354 potandum

305 1370 398 1437 auda
419 1372 606 1455 pergebant,
637 1372 806 1438 discolores
829 1374 936 1457 uirgas
958 1374 1096 1456 ponebat
1130 1375 1161 1438 in
1190 1375 1352 1439 canalibus
1379 1377 1412 1441 et

305 1475 449 1541 admissis
473 1476 623 1541 arietibus
654 1479 686 1541 et
714 1477 811 1542 hircis
838 1478 871 1541 in
901 1478 971 1561 ipsa
999 1479 1130 1561 potandi
1161 1479 1311 1544 auiditate
1334 1499 1410 1544 oues
1429 1491 1467 1545 10

306 1582 338 1645 et
362 1599 470 1663 capras
500 1580 637 1646 faciebat
672 1582 812 1657 ascendi,
849 1584 885 1647 ut
919 1602 955 1646 ex
986 1581 1103 1667 duplici
1133 1582 1301 1657 desiderio,
1335 1584 1412 1647 dum

305 1683 396 1748 auide
419 1684 529 1749 bibunt
551 1687 583 1749 et
614 1684 824 1750 ascenduntur
847 1706 865 1749 a
892 1687 1045 1763 maribus,
1075 1687 1156 1753 tales
1181 1687 1283 1753 foetus
1306 1688 1411 1752 conci-

304 1791 431 1872 perent,
463 1788 570 1871 quales
594 1790 721 1855 umbras
745 1789 880 1855 arictum
903 1792 935 1854 et
958 1790 1118 1855 hircorum
1140 1790 1272 1874 desuper
1301 1810 1410 1856 ascen·

305 1893 446 1958 dentium
478 1893 509 1958 in
543 1912 695 1976 aquarum
732 1894 858 1977 speculo
889 1894 1190 1978 contemplabantur.
1246 1915 1283 1959 cr
1311 1895 1410 1979 uirgis

305 1999 388 2062 enim
409 1998 442 2062 in
465 1996 626 2061 canalibus
648 1997 758 2080 positis
779 1999 887 2063 uarius
911 2001 979 2063 erat
999 1999 1094 2063 etiam
1114 1998 1288 2081 imaginum
1312 1998 1407 2063 color.
1429 2015 1464 2066 15

304 2122 362 2167 noc
383 2101 498 2166 mirum
519 2101 601 2167 hauc
631 2102 665 2165 in
690 2103 843 2185 conceptu
871 2102 1057 2167 feminarum
1087 2122 1155 2167 esse
1183 2105 1343 2178 naturam,
1374 2104 1410 2167 ut

305 2206 414 2291 quales
436 2207 648 2290 perspexerint
666 2206 731 2271 siue
755 2208 860 2272 mente
882 2208 1082 2293 conceperint
1104 2208 1135 2285 in
1159 2210 1296 2272 extremo
1318 2206 1426 2272 uolu-·

304 2312 400 2395 ptatis
422 2313 511 2376 aestu
535 2330 614 2395 quae
630 2312 825 2393 concipiunt,
849 2312 946 2376 talem
968 2312 1107 2377 sobolem
1129 2314 1313 2395 procreent,
1337 2330 1411 2375 cum

303 2415 363 2479 hoe
383 2415 485 2499 ipsum
509 2415 605 2480 etiam
634 2416 666 2479 in
691 2434 840 2497 equarum
867 2415 1016 2499 gregibus
1040 2415 1121 2499 apud
1144 2417 1301 2499 Hispanos
1323 2416 1409 2481 dica-

303 2522 355 2585 tur
379 2519 460 2595 lieri,
485 2521 517 2583 et
540 2518 750 2599 Quintilianus
771 2520 804 2583 in
828 2538 864 2583 ea
887 2521 1170 2587 controuersiam
1194 2540 1255 2604 qua
1279 2538 1408 2585 accusa·
1425 2534 1462 2587 20

305 2624 397 2689 hatur
425 2625 583 2696 matrona,
621 2622 703 2704 quod
725 2622 913 2706 Aethiopem
939 2626 1108 2709 pepererit,
1145 2644 1201 2708 pro
1231 2625 1408 2690 defensione

245 2720 250 2729 '
304 2728 390 2792 illius
416 2728 651 2811 argumentetur
678 2728 759 2793 hanc
795 2730 1001 2812 conceptuum
1024 2749 1091 2793 esse
1114 2731 1276 2807 naturam,
1315 2748 1408 2812 quum

306 2831 562 2915 supradiximus.
612 2833 778 2914 postquam
802 2834 905 2896 autem
927 2833 993 2897 nati
1013 2833 1137 2897 fucrant
1158 2832 1250 2897 haedi
1276 2834 1409 2915 stagni

304 2936 385 3001 uarii
408 2938 440 3023 et
461 2935 629 3000 discolores
653 2955 689 3000 ex
713 2936 792 3002 albis
816 2939 848 3000 et
874 2938 965 3001 unius
988 2936 1100 3001 coloris
1123 2936 1286 3021 gregibus,
1319 2956 1408 3019 sepa-

305 3041 395 3106 rabat
422 3040 494 3105 illos
518 3041 612 3105 Iacob
636 3044 667 3106 ct
696 3040 806 3123 procul
836 3060 903 3105 esse
933 3040 1068 3106 faciebat
1095 3061 1113 3105 a
1140 3039 1271 3125 pristino
1302 3059 1407 3123 grege·
1425 3058 1463 3110 25
1551 3123 1553 3126 ¹

305 3146 332 3210 si
362 3147 414 3229 qui
443 3148 549 3210 autem
577 3146 787 3211 nascebantur
821 3146 912 3210 unius
948 3146 1076 3223 coloris,
1115 3146 1148 3209 id
1176 3148 1225 3211 est
1252 3144 1316 3209 albi
1342 3146 1408 3207 siue
1551 3128 1553 3147 '

305 3250 398 3335 nigri,
423 3248 569 3315 tradebat
586 3249 620 3313 in
641 3249 785 3314 manibus
801 3248 937 3315 filiorum
951 3250 1073 3315 haban:
1097 3253 1129 3315 et
1143 3250 1279 3335 ponebat
1292 3250 1409 3331 uirgas,

306 3374 383 3438 quas
406 3353 617 3419 decoriauerat
636 3354 668 3417 in
691 3353 868 3431 canalibus,
899 3354 951 3420 ubi
975 3355 1214 3419 effundebantur
1238 3373 1351 3436 aquae,
1377 3355 1410 3417 et

375 3508 409 3561 20
428 3506 599 3562 Quintilianus

375 3638 391 3690 3
409 3630 527 3687 nucineas
546 3641 595 3703 βγ,
616 3650 706 3685 nuceas
726 3655 748 3705 φ
765 3634 768 3702 1
787 3636 819 3689 10
836 3637 961 3685 ammissis
978 3655 1000 3704 φ
1016 3635 1019 3702 1
1036 3638 1069 3689 10
1088 3625 1226 3686 orientibus
1247 3656 1269 3705 φ
1286 3636 1289 3703 1
1306 3634 1340 3689 12
1352 3636 1409 3685 sui-

305 3725 350 3777 dae
369 3742 403 3795 q),
422 3715 547 3787 quedosch
565 3727 665 3771 montrum
679 3726 782 3785 probat,
808 3740 880 3785 quarm
898 3743 916 3792 q
938 3741 1007 3785 saepe
1023 3741 1053 3773 as
1068 3741 1117 3784 pro
1140 3727 1260 3772 ascribat
1276 3725 1279 3789 1
1298 3724 1330 3775 13
1347 3740 1408 3787 qua·

304 3814 336 3864 lis
355 3808 446 3881 (1115
464 3810 562 3874 positus
580 3808 621 3878 φ1
639 3808 671 3862 18
691 3810 802 3859 subolem
823 3808 915 3878 ‹p120
934 3811 1110 3875 quintillianus
1129 3830 1150 3879 φ
1170 3810 1174 3878 1
1196 3809 1274 3876 eom
1293 3825 1408 3861 accussa-

304 3904 346 3949 tur
365 3897 456 3967 φ123
476 3906 534 3957 post
551 3896 659 3945 diximus
679 3897 711 3961 ,-1-
733 3899 851 3945 Erasmus
869 3907 954 3945 eontra
971 3903 1030 3967 βγφ
1055 3903 1080 3946 et
1099 3898 1220 3961 scriptum
1238 3897 1364 3961 reperitur
1381 3898 1408 3946 in

304 3985 377 4035 libris
387 3984 553 4050 Hippocratis
574 3983 640 4049 quod
658 3983 778 4048 quaedum
796 3984 941 4047 suspicione
960 3984 1077 4033 adulterii
1096 3984 1178 4033 fuerat
1196 3984 1331 4047 punienda,
1352 3999 1408 4033 curu

306 4071 504 4137 pulcherrimum
527 4071 679 4134 peperisset,
704 4070 805 4135 utrique
824 4071 923 4135 parenti
942 4072 1078 4135 generique
1099 4070 1271 4134 dissimilem„
1289 4071 1339 4119 nisi
1358 4086 1409 4119 me·

306 4164 418 4208 moratus
443 4157 554 4207 medicus
579 4156 697 4207 soluisset
726 4158 897 4221 quaestionem
928 4174 1030 4207 monens
1055 4173 1175 4221 quaerere
1205 4174 1235 4206 ne
1261 4158 1326 4206 forte
1351 4156 1410 4205 talis

283 4226 287 4233 Ι
308 4246 408 4309 pictura
426 4249 491 4293 esset
510 4245 536 4293 in
554 4243 683 4307 cubiculo,
709 4259 759 4309 qua
780 4244 884 4292 inuenta
908 4244 998 4294 mulier
1019 4261 1032 4293 a
1050 4245 1192 4307 suspicione
1212 4243 1319 4293 liberata
1344 4248 1382 4291 est
1402 4239 1406 4312 1

305 4328 342 4385 28
362 4328 534 4380 decoriauerat
551 4335 595 4397 βγ,
619 4329 800 4379 discoriauerat
818 4348 840 4399 φ
