3125 5167
1136 462 1140 467 ι
1234 383 1270 440 63

122 562 137 615 1
254 559 361 624 Omnes
384 580 454 642 erpo
481 562 612 635 animae,
642 579 716 642 pace
743 563 893 642 inpressae
919 564 987 623 aunt
1016 580 1083 622 cam
1106 560 1193 623 Iacob
1212 558 1289 622 Aa*

164 668 290 747 ppptum
310 668 339 727 et
357 676 431 747 quae
453 666 591 727 emmeant
613 662 649 726 cle
663 654 844 744 femoribus
858 668 937 742 eius,
966 665 1074 745 absque
1091 665 1271 727 mulimbach

158 766 300 848 file'orum
319 768 422 843 Iacob,
456 754 746 851 aao'mce'oecops'ntc
761 789 832 831 cccc:
857 768 927 848 ficia·
947 773 1045 831 autem
1065 769 1170 851 Ioseph
1177 815 1185 844 ,
1220 770 1274 849 qui
1331 826 1334 833 .

166 875 232 935 acti
249 876 318 934 aaut
332 876 361 934 ei
379 874 411 933 ie
424 871 569 955 Aepypto,
589 876 704 935 animae
718 894 831 935 nouem.
865 893 963 936 omnes
972 893 1041 955 erpo
1056 876 1181 949 animm,
1196 892 1270 955 quae

122 970 140 1024 5
167 978 317 1058 inpressae
342 980 412 1039 ruat
438 996 505 1037 cum
532 977 619 1039 Iacob
646 974 833 1059 Aegyptam,
863 980 1049 1059 septuagiato
1079 980 1107 1039 et
1134 980 1268 1059 puraque

169 1078 252 1162 quod
274 1079 401 1162 excepto
415 1077 528 1165 Ioseph
550 1081 582 1143 et
603 1077 675 1143 filIis
695 1079 760 1144 eius
783 1080 946 1163 sexaginta
961 1098 1014 1143 sex
1036 1080 1167 1157 animae,
1191 1097 1269 1162 quae

169 1201 312 1266 egressae
345 1184 419 1247 sunt
454 1182 491 1247 de
521 1180 692 1247 femoribus
720 1183 830 1261 Iacob,
873 1181 1051 1249 introierint
1078 1183 1268 1267 Aegyptum,

169 1286 256 1352 nulla
278 1284 430 1351 dubitatio
453 1288 509 1351 est.
556 1285 599 1351 'ta
622 1286 704 1351 enim
728 1288 760 1352 et
782 1287 934 1370 paulatIm
955 1306 1011 1369 per
1033 1286 1173 1371 singulos
1196 1305 1295 1369 sup-1

168 1392 296 1475 putatus
324 1409 473 1485 numerus
495 1390 654 1475 approbat,
676 1392 714 1456 et·
730 1391 763 1455 in
786 1391 929 1455 hebraeis
948 1391 1160 1455 uoluminibus
1180 1390 1270 1454 inue-

114 1499 151 1552 10
168 1496 260 1559 nibur.
303 1496 363 1559 hoc
381 1496 502 1572 autem,
533 1492 614 1578 quod
636 1495 669 1559 ia
693 1495 778 1560 LXX
798 1495 933 1579 legImus
945 1496 1015 1577 filii
1035 1501 1132 1559 eutem
1155 1497 1269 1578 Ioseph,

168 1604 221 1683 pai
240 1603 308 1663 acti
332 1604 400 1663 aaut
420 1604 450 1663 cr'
476 1603 509 1661 ia
530 1599 682 1683 Aegypto,
713 1604 830 1663 unr'mue
851 1622 971 1678 mecm,
1001 1601 1136 1664 sciamus
1156 1599 1189 1662 in
1211 1600 1267 1661 he·

167 1701 260 1767 braeo
282 1720 338 1785 pro
367 1720 481 1767 nouem
509 1720 581 1791 esse
605 1701 690 1767 duas.
733 1703 883 1789 Ephraim
912 1702 1025 1787 quippe
1053 1706 1086 1768 et
1111 1703 1267 1779 Manasse,

114 1894 115 1897 Ἴ
168 1807 334 1889 antequam
354 1804 448 1871 Iacob
469 1805 603 1870 intraret
623 1806 806 1890 Aegyptum
827 1810 859 1872 et
880 1806 973 1872 famis
994 1809 1118 1890 tempus
1140 1808 1268 1891 ingrue-

167 1912 231 1990 ret,
254 1911 322 1975 nati
343 1912 416 1975 sunt
439 1908 476 1975 de
498 1910 639 1975 Aseneth
661 1910 727 1975 fiha
746 1911 938 1995 Phutiphare
960 1912 993 1976 in
1013 1911 1167 1993 Aegypto.
1213 1908 1268 1975 sed

115 2016 150 2071 15
168 2016 200 2079 et
221 2013 317 2093 illud,
343 2014 424 2099 quod
446 2032 539 2096 supra
554 2012 701 2107 legimus·
712 2016 798 2097 facti
824 2020 893 2080 suat
918 2022 1015 2080 cotem
1031 2016 1101 2097 filii
1119 2001 1268 2094 Marcam,

168 2141 240 2203 quos
259 2124 362 2202 genuit
392 2123 422 2181 ei
449 2121 607 2183 concubiae
626 2120 705 2202 Syra
727 2122 865 2184 Machor:
891 2126 920 2184 et
938 2124 1060 2184 Mccbir
1085 2124 1189 2203 peracit
1208 2122 1270 2185 Gu-

61 2278 68 2290 .
166 2225 254 2287 lucet:
266 2224 335 2304 ficii
356 2227 453 2287 autem
467 2226 614 2306 Ephraim
625 2224 741 2304 fratres
756 2227 895 2287 Manesse
917 2224 1072 2289 sacceam
1105 2230 1134 2287 et
1162 2227 1271 2287 Toum:

159 2328 237 2408 filii,
254 2350 326 2392 aero
354 2328 509 2393 Satclccm
529 2329 624 2391 Edem
647 2326 789 2393 schum
812 2329 875 2408 est,
905 2326 1080 2412 siquidem
1106 2326 1155 2408 id,
1185 2330 1267 2412 quod

166 2435 275 2515 postea
297 2431 446 2517 legimus,
469 2432 557 2514 quasi
577 2451 634 2515 per
653 2432 908 2517 anticipationem
925 2432 1045 2498 factum
1067 2452 1135 2497 esse
1151 2432 1268 2497 descri-
1332 2455 1334 2458 ·

112 2538 149 2593 20
165 2536 259 2601 bitur.
304 2556 403 2620 nequo
434 2537 517 2601 enim
543 2540 683 2622 tempore
711 2536 783 2615 illo,
816 2555 876 2622 quo
903 2539 1064 2623 Ingressus
1094 2540 1143 2602 est
1174 2535 1268 2602 Iacob

167 2641 363 2725 Aegyptum,
388 2641 453 2706 eius
476 2640 587 2706 aetatis
611 2642 699 2707 erant
720 2642 871 2725 Ephraim
892 2644 924 2707 et
942 2642 1104 2721 Manasse,
1127 2645 1164 2707 ut
1185 2641 1268 2707 filios

168 2764 317 2829 generare
340 2745 506 2830 potuerint.
557 2765 595 2811 er
615 2764 675 2829 quo
698 2746 901 2812 manifestum
923 2748 984 2826 est,
1009 2764 1115 2812 omnes
1139 2747 1267 2824 anImas,

168 2870 246 2932 quae
272 2850 431 2935 ingressae
462 2850 536 2914 sunt
555 2847 737 2933 Aegyptum
766 2850 1004 2916 defemoribus
1033 2840 1142 2931 Iacob,
1171 2851 1267 2917 fuisse

167 2954 268 3032 LXX,
298 2952 372 3018 dum
393 2952 495 3018 LXVI
521 2955 630 3038 postea
658 2955 820 3039 Ingressae
849 2957 922 3020 sunt
950 2957 982 3020 et
1003 2941 1207 3040 reppererunt
1235 2956 1267 3020 in

113 3060 149 3116 25
167 3057 312 3141 Aegypto
334 3060 399 3123 tres
421 3058 556 3135 animas,
579 3059 692 3141 Ioseph
715 3058 838 3124 scilicet
859 3080 932 3125 cum
954 3058 1074 3125 duobus
1096 3060 1168 3125 filiis
1190 3060 1266 3139 eius,

167 3163 416 3253 septuagesImus
445 3165 550 3228 autem
577 3162 643 3245 Ipse
672 3162 766 3228 fuerit
788 3164 891 3229 Iacob.
945 3164 1129 3242 haberem,
1158 3181 1197 3229 ne
1217 3166 1266 3229 ui-

168 3264 295 3334 deamur
316 3266 483 3331 aduersum
504 3266 674 3349 scripturae
696 3267 915 3334 auctoritatem
937 3268 1037 3352 loqui,
1065 3269 1162 3334 etiarn
1182 3265 1267 3333 LXX

166 3369 349 3455 interpretes
371 3370 600 3437 transtulerunt
617 3370 651 3435 in
670 3372 912 3439 Deuteronomio
935 3373 1018 3456 quod
1036 3379 1068 3437 ia
1091 3376 1186 3437 LXX
1204 3379 1267 3438 oni·

166 3478 270 3539 mrbus
287 3480 439 3558 capream
459 3470 503 3539 cot
522 3477 639 3539 Israhel
657 3481 689 3539 in
707 3477 887 3561 Aegyptam.
942 3477 971 3542 si
992 3478 1060 3561 quis
1088 3478 1186 3563 igItur
1208 3497 1265 3543 110·

7 3656 8 3659 Ἴ
113 3594 149 3647 30
167 3580 249 3645 strae
272 3580 445 3645 sententiae
474 3581 665 3665 refragatur,
694 3582 882 3666 scripturam
909 3583 990 3649 inter
1012 3602 1046 3649 se
1078 3584 1265 3649 contrariam

165 3682 268 3748 faciet.
320 3684 379 3766 ipsi
408 3683 491 3749 eninr
513 3685 597 3749 LXX
627 3684 829 3770 interpretes,
859 3688 913 3770 qui
937 3688 989 3752 hic
1010 3686 1122 3753 LXXV
1145 3688 1266 3753 aniuras

236 3848 323 3901 IGen
340 3848 383 3913 46,
404 3846 437 3903 26
450 3846 483 3901 27
499 3850 507 3912 Ι
522 3847 554 3903 10
570 3850 624 3900 Gen
639 3850 682 3913 46,
701 3851 734 3905 27
751 3850 755 3918 Ι
770 3851 805 3906 28
821 3852 889 3902 Deut
912 3851 954 3918 10,
970 3853 1004 3907 22

235 3994 412 4047 Iintroierint
428 4001 468 4067 ρῳ
500 3994 504 4062 Ι
536 3995 761 4069 9opprobabitu>
793 3997 800 4067 Ι
832 3997 866 4053 12
884 4015 937 4051 esee
964 4016 1011 4065 pro
1029 4016 1120 4051 nouem
1137 3999 1198 4053 duae
1217 4001 1262 4071 φΙ

165 4080 199 4134 14
216 4082 323 4132 aseneeh
341 4087 380 4151 βφ
396 4083 400 4148 Ι
418 4082 451 4135 14
468 4082 622 4146 phutiphere
641 4088 671 4148 β,
693 4085 788 4147 petefre
806 4104 828 4155 φ
845 4084 849 4152 Ι
866 4086 898 4139 17
917 4091 974 4137 suta
991 4087 1041 4136 Iam
1057 4091 1105 4156 φῖ,
1126 4093 1182 4137 suta
1198 4088 1264 4138 laam

164 4169 206 4236 pfl,
227 4168 367 4217 suthalaam
385 4173 402 4233 β
417 4167 421 4235 Ι
456 4168 489 4220 17
508 4172 529 4217 ἃ
547 4169 597 4220 baa
615 4187 652 4237 φ,
671 4172 683 4217 t
700 4186 773 4235 super
791 4173 813 4220 ἃ
830 4176 932 4233 empto:
951 4177 977 4222 et
994 4174 1079 4223 thaam
1097 4172 1119 4240 β
1129 4176 1134 4239 Ι
1151 4174 1184 4227 18
1193 4175 1264 4237 edem

163 4272 186 4321 φ
207 4252 211 4320 Ι
233 4252 267 4305 20
285 4254 331 4303 illo
349 4258 463 4319 tempore
483 4274 504 4325 φ
521 4251 526 4323 Ι
541 4254 575 4309 26
586 4264 645 4315 poet
662 4272 693 4305 ne
710 4256 741 4323 -Ι-
760 4257 801 4306 cui
818 4276 840 4327 φ
855 4258 860 4322 Ι
875 4258 910 4312 28
927 4260 954 4308 iu
972 4260 1160 4311 deuteronomi0
1179 4265 1262 4310 trans·

163 4338 276 4388 tulerunt
295 4358 316 4408 φ
