3125 5167
287 402 320 460 ll

237 638 240 647 Ι
371 566 411 627 Et
424 564 508 643 facti
527 569 596 627 suat
617 584 715 627 omncs
738 564 887 627 dics·Noc
908 565 1065 630 DOOOOL
1092 568 1170 629 onai.
1225 582 1297 629 ecee
1319 566 1424 647 posbl

285 668 436 733 diluuium
465 666 566 732 CCCL
598 669 686 733 annis
716 669 797 733 uixit
820 668 898 733 Noe.
950 688 988 733 cx
1015 688 1076 752 quo
1110 669 1311 752 perspicuum
1341 670 1392 733 est

285 771 366 837 CXX
398 791 494 837 annos
524 772 719 855 generationi
747 772 811 849 illi,
846 774 883 836 ut
910 792 1004 856 supra
1037 773 1186 850 diximus,
1215 773 1254 837 ad
1281 774 1390 856 poeni·

283 877 417 941 tentiam
444 874 534 941 datos
565 878 597 941 et
618 895 679 941 non
704 876 789 941 uitae
810 876 992 941 mortalium
1022 878 1219 942 constitutos.

372 984 453 1046 111111
473 983 569 1063 Icfeth
593 984 754 1046 1166116661
777 985 890 1065 Mapop
915 989 943 1046 61
966 984 1075 1045 Mcdui
1092 988 1120 1046 61
1140 986 1236 1047 Iacca
1256 988 1285 1046 61
1311 986 1423 1045 Tha-s

284 1088 334 1150 bol
356 1092 384 1149 et
402 1088 524 1151 Mosoch
545 1090 574 1149 ct
599 1089 716 1149 Thircs.
768 1086 871 1151 Iafeth
898 1086 963 1150 lilio
986 1087 1055 1151 Noe
1077 1086 1145 1151 nati
1167 1089 1241 1151 sunt
1268 1089 1389 1170 septem

284 1189 357 1265 filii,
389 1191 442 1272 qui
468 1187 673 1272 possederunt
699 1192 819 1255 terram
848 1192 882 1253 in
905 1189 983 1255 Asia
1011 1191 1051 1255 ab
1074 1190 1197 1254 Amano
1226 1193 1258 1255 et
1286 1192 1388 1255 Tauro

285 1295 392 1377 Syriae
406 1293 516 1359 Coeles
536 1295 567 1359 ct
586 1293 714 1359 Ciliciae
737 1294 897 1359 montibus
925 1314 1023 1378 usque
1046 1295 1086 1359 ad
1108 1295 1239 1359 fluuium
1261 1296 1387 1372 Tanain,

283 1400 315 1463 in
338 1400 463 1481 Europa
486 1417 561 1463 uero
583 1418 680 1481 usque
705 1399 744 1464 ad
767 1398 898 1477 Gadita,
926 1400 1054 1464 nomina
1081 1400 1160 1464 locis
1184 1402 1215 1463 et
1242 1399 1388 1482 gentibus

285 1502 513 1586 relinquentes:
536 1522 552 1567 e
581 1502 691 1587 quibus
713 1504 824 1586 postea
845 1504 1002 1569 inmutata
1024 1505 1098 1567 sunt
1117 1503 1263 1585 plurima,
1286 1505 1389 1567 cetera
1406 1511 1441 1565 10

284 1609 528 1699 permanentlut
550 1608 685 1672 luerunt.
735 1610 810 1671 sunt
833 1609 940 1672 autem
960 1607 1077 1673 Gomer
1098 1607 1247 1684 Galatae,
1268 1609 1389 1690 Magog

284 1711 435 1794 Scythae,
467 1710 574 1776 Madai
596 1711 697 1787 Medi,
727 1711 826 1776 Iauan
847 1712 956 1789 Iones,
977 1712 1031 1794 qui
1051 1713 1084 1775 et
1099 1711 1210 1777 Graeci
1237 1710 1388 1794 (undeet

285 1836 372 1883 mare
398 1814 555 1898 ionium),
579 1816 700 1881 Thubal
723 1816 823 1893 Iberi,
846 1816 900 1899 qui
923 1818 955 1880 et
976 1815 1125 1899 Hispani,
1149 1835 1167 1879 a
1189 1816 1300 1898 quibus
1315 1816 1387 1881 Cel·

283 1920 393 1999 tiberi,
420 1920 496 1985 licet
518 1920 645 2002 quidam
667 1920 766 1985 Italos
789 1920 1004 2004 suspicentur:
1026 1921 1158 1985 Mosoch
1180 1918 1387 2003 Cappadoces,

260 2022 365 2089 'unde
389 2026 420 2089 et
452 2023 527 2087 urbs
549 2042 647 2107 usque
677 2023 770 2088 hodie
793 2024 875 2106 apud
903 2043 957 2089 eos
977 2024 1108 2089 Mazaca
1133 2024 1247 2089 dicitur
1277 2024 1386 2106 (porro
1406 2032 1440 2085 15
1553 2107 1554 2112 ¹

283 2127 368 2193 LXX
400 2128 587 2210 interpretes
617 2126 777 2210 Captorim
799 2127 999 2212 Cappadoces
1021 2128 1241 2211 arbitrantur·):
1275 2129 1386 2192 Thiras
1553 2133 1554 2146 ¹

209 2253 211 2257 ’
283 2234 435 2310 Thraces,
484 2251 617 2324 quorum
656 2217 719 2297 non
761 2234 840 2297 satis
880 2234 1072 2297 inmutatum
1104 2232 1292 2297 uocabulum
1328 2233 1386 2297 est.

284 2339 348 2403 scio
372 2336 527 2421 quendam
550 2336 621 2420 Gog
643 2339 675 2401 et
701 2337 821 2421 Magog
844 2339 912 2402 tam
940 2335 978 2401 dc
1007 2337 1166 2420 praesenti
1195 2338 1264 2403 loco
1293 2356 1387 2421 quam

284 2440 322 2506 de
343 2442 488 2507 Ezechiel
519 2441 559 2506 ad
580 2440 754 2505 Gothorum
785 2460 885 2524 nuper
907 2442 941 2505 in
969 2444 1055 2506 terra
1075 2443 1184 2506 nostra
1202 2442 1386 2525 uagantium

283 2545 448 2610 historiam
476 2544 653 2610 rettulisse:
686 2544 768 2627 quod
798 2547 905 2610 utrum
926 2564 1036 2626 uerum
1065 2547 1122 2624 sit,
1155 2545 1267 2629 proelii
1287 2546 1385 2628 ipsius
1404 2555 1440 2609 20

283 2649 344 2715 fine
379 2651 582 2715 monstratur.
641 2651 673 2714 ct
711 2651 795 2715 certe
831 2650 952 2715 Gothos
994 2669 1102 2717 omnes
1145 2654 1228 2715 retro
1272 2651 1385 2715 eruditi

282 2755 384 2839 magis
411 2754 506 2821 Getas
535 2774 629 2837 quam
658 2753 730 2845 Gog¹
759 2756 792 2819 et
820 2756 939 2838 Magog
964 2756 1121 2838 appellare
1151 2758 1385 2821 consueuerant.

282 2860 341 2925 hae
363 2858 469 2942 itaque
490 2862 611 2943 septem
632 2861 757 2942 gentes,
788 2879 866 2942 quas
889 2859 926 2924 de
948 2858 1050 2924 laseth
1072 2860 1179 2924 uenire
1202 2860 1298 2942 stirpe
1318 2878 1385 2924 mc-

282 2963 421 3042 moraui,
444 2962 484 3027 ad
506 2962 660 3046 aquilonis
681 2964 805 3046 partem
826 2964 979 3029 habitant.

372 3070 452 3133 Filii
470 3069 588 3133 (166666-
604 3068 734 3131 Α666666
761 3074 789 3131 61
820 3069 930 3148 Risctb
958 3075 986 3133 61
1016 3070 1189 3151 1166966166.
1244 3066 1384 3132 Ascenez
1402 3078 1438 3133 25

285 3171 397 3239 Graeci
432 3172 569 3254 Reginos
610 3173 757 3250 uocant,
785 3171 893 3237 Rifath
929 3171 1167 3255 Paphlagonas,
1209 3172 1389 3253 Thogorma

283 3277 437 3360 Phrygas.
741 3307 743 3311 ·

369 3383 450 3445 Folii
474 3384 570 3445 Iacca
606 3382 693 3444 Eliso
720 3387 747 3445 et
772 3381 913 3458 Tharais,
942 3382 1057 3445 Calbim
1081 3386 1109 3445 61
1134 3382 1293 3446 Dodonim.
1349 3382 1385 3444 cb

283 3489 331 3551 aa
352 3488 468 3555 diuisae
489 3491 558 3549 suat
578 3488 694 3549 insulae
717 3491 871 3549 actionum
891 3490 924 3548 ab
943 3491 1034 3549 166616
1053 3491 1131 3563 suas,
1152 3491 1205 3549 air
1225 3485 1385 3549 secundum

355 3618 1264 3688 1Gcn9,2915(}en10,2lt5den10,3528Gen10,45

354 3740 369 3792 5
387 3742 442 3788 661616
453 3738 574 3803 Lapardc'i
589 3742 740 3803 pesamlacllc
759 3740 946 3803 ablundlunpea
963 3741 1022 3787 locis
1040 3742 1066 3787 ln
1088 3741 1166 3787 s'uds'ce
1183 3739 1298 3797 'radicatus
1314 3747 1336 3787 et
1357 3740 1386 3787 dc

281 3827 372 3892 Mcpcy
389 3819 493 3875 6166661666
512 3828 620 3889 bea'trct'pe
639 3842 683 3875 aar
700 3826 852 3874 buhtriscben
871 3827 1049 3889 lecitoprcphic
1069 3830 1099 3875 lt
1122 3824 1127 3891 Ι
1150 3824 1183 3877 13
1202 3821 1362 3893 11111611βγφ
1380 3823 1383 3893 1

282 3914 314 3967 15
336 3914 439 3963 Mazaca
451 3929 475 3973 ς.
498 3916 527 3977 cf
540 3913 625 3962 Mosen
644 3915 822 3976 cheronensem,
840 3916 884 3973 qui
902 3907 992 3961 1161616
1008 3923 1032 3963 et
1047 3908 1138 3974 11161611
1155 3916 1245 3965 scribit.
1287 3928 1387 3963 mazeca

282 4021 337 4071 γφ,
354 4001 506 4066 mazechad
530 3997 533 4067 1
555 4000 588 4051 16
607 4000 731 4065 captorim
754 4004 803 4067 βγ,
828 4000 980 4064 chaptoriim
1002 4017 1024 4067 φ
1044 3997 1048 4065 1
1072 3999 1103 4050 17
1127 4000 1286 4049 immutatum
1310 4015 1385 4049 uoca-

281 4088 368 4138 bulum
387 4092 426 4137 est
443 4106 475 4155 y,
502 4086 652 4135 uocabulum
674 4086 832 4135 immutatum
854 4091 926 4151 estpl
947 4092 951 4146 Ι
975 4084 1007 4136 19
1026 4085 1187 4153 ἱ616611161φ
1211 4085 1215 4153 1
1240 4085 1271 4138 19
1291 4102 1385 4153 uagam

281 4176 344 4225 tium
364 4180 415 4243 dy,
440 4173 616 4242 bacchantium
635 4168 725 4241 φ121
743 4172 926 4221 monstrabitur
943 4191 965 4241 <p
982 4172 985 4238 1
1002 4171 1036 4224 22
1054 4176 1237 4221 consueuerant
1255 4179 1303 4240 βγ,
1327 4190 1385 4223 con·

284 4258 497 4329 6161111161ἳὸ
516 4260 654 4309 cochenech
660 4264 685 4325 β,
706 4274 809 4310 ascenez
828 4277 846 4327 y
867 4259 892 4324 [z
910 4262 1035 4319 antiquum
1055 4262 1118 4308 illud
1131 4260 1161 4309 ο11
1180 4258 1278 4324 similet
1298 4260 1385 4309 ascha·

280 4365 327 4399 naa
345 4367 367 4417 φ
383 4346 386 4414 1
403 4347 436 4399 25
455 4348 550 4417 ritanus
567 4346 570 4414 1
587 4346 620 4399 25
639 4349 772 4411 gothorma
790 4365 813 4415 φ
