3125 5167
13 1014 15 1069 l

1283 322 1299 350 s

1236 364 1272 419 55
1317 400 1320 405 .

136 537 151 590 1
170 533 215 591 eet
239 525 315 590 καθ’
339 518 416 593 ὁδὸν
441 526 497 612 τῆς
519 530 591 613 γῆς,
620 526 652 591 id
675 529 723 591 est
746 527 777 591 in
799 526 911 593 itinere
932 529 1050 606 terrae,
1079 533 1220 593 introiens
1241 534 1274 593 in

171 634 365 716 speraram.
410 630 465 697 sed
486 631 597 697 melius
620 634 678 710 est,
702 631 727 697 si
743 616 955 698 'transferatur
977 631 1029 712 „in
1050 631 1150 699 eleeto
1171 633 1273 699 terreo

171 737 326 820 tempore,
352 754 424 801 ourn
445 735 590 803 introiret
611 734 840 818 Ephretham“.
883 753 975 820 porro
995 755 1127 801 uernum
1148 738 1272 822 tempus

172 838 343 924 signifieat,
373 859 444 905 oum
464 840 497 904 in
518 839 624 905 florem
647 840 759 905 ounete
780 840 967 925 rumpuntur
991 841 1023 905 et
1053 840 1128 905 euni
1149 842 1272 926 tempus

14 920 15 1007 ?
135 942 306 1009 aelectum
327 945 387 1022 est,
414 942 465 1008 uel
486 962 557 1009 oum
576 943 774 1009 transeuntes
803 962 860 1029 per
887 942 973 1009 uiam
999 947 1131 1030 carpunt
1159 946 1193 1010 et
1215 944 1273 1010 eli·

172 1048 251 1133 gunt
273 1065 290 1111 e
311 1046 423 1111 uicinis
446 1046 530 1131 egris
552 1045 765 1132 quodoumque
790 1046 830 1113 ad
851 1066 979 1115 manum
1000 1049 1138 1127 uenerit,
1170 1050 1273 1115 diuer-

173 1150 215 1216 sis
236 1150 363 1216 floribus
385 1150 521 1216 inuitati.
559 1151 717 1235 ldpbrethe
735 1170 811 1217 uero
835 1154 868 1218 et
888 1151 1052 1220 Bethleem
1071 1152 1163 1219 unius
1185 1154 1273 1219 urbis

172 1253 359 1322 uoeabrdum
381 1256 430 1321 est
451 1253 509 1321 sub
532 1254 789 1341 interpretatione
802 1240 975 1325 ‘commiti
1027 1255 1054 1321 si
1085 1256 1211 1351 quidem
1239 1258 1272 1323 in

171 1357 406 1447 frugiferarum
431 1358 465 1423 in
493 1358 619 1425 domum
641 1361 730 1445 panis
752 1362 886 1429 uertitur
907 1363 1033 1448 propter
1055 1380 1129 1430 eum
1148 1380 1271 1446 panem,

11 1536 12 1545 ,
119 1484 154 1537 10
172 1464 225 1549 qui
248 1465 285 1529 de
305 1463 394 1529 eaelo
416 1463 610 1530 descendisse
633 1483 666 1530 se
690 1462 773 1533 dioit.

253 1572 298 1633 ,Et
316 1568 513 1649 factumest,
539 1591 606 1633 erem
628 1550 789 1634 domtuerer
805 1590 870 1634 eom
891 1573 991 1635 anime
1019 1572 1184 1653 (siquidem
1212 1594 1272 1635 mo·

170 1675 334 1751 riebolur),
373 1676 493 1737 uocauit
519 1695 623 1737 nomen
644 1679 709 1739 eius
728 1675 833 1739 beliue
853 1674 966 1739 dolorrb
986 1678 1061 1752 mei,
1085 1680 1176 1759 peter
1200 1696 1273 1741 uero

171 1781 235 1841 eires
268 1780 386 1841 uooueit
414 1799 517 1841 nomen
548 1782 613 1841 eius
641 1779 809 1844 Beniamin.
867 1777 903 1843 in
934 1775 1068 1843 hebraeo
1100 1777 1272 1845 similitudo

171 1879 305 1946 nominis
327 1883 469 1973 resonat:
498 1879 580 1947 lilius
603 1880 686 1947 enim
712 1880 829 1947 doloris
849 1882 935 1959 meis
957 1880 1042 1964 quod
1067 1900 1181 1949 nomen
1203 1902 1272 1949 mo·
1365 1959 1370 1964 ,

10 2032 11 2037 1
117 2004 153 2058 15
170 1984 254 2051 riens
283 1987 384 2049 meter
412 1983 565 2067 inposuit,
595 1983 709 2049 dieitur
737 1987 867 2064 Berroni,
900 1984 983 2065 filius
1011 2003 1084 2051 uero
1117 1984 1271 2064 dexterae,

9 2104 11 2119 ¹
170 2091 229 2153 hoe
250 2091 299 2153 est
319 2087 460 2167 uirtutis,
485 2087 568 2170 quod
597 2088 691 2154 Iacob
720 2089 874 2167 mutauit,
902 2088 1078 2173 appellatur
1100 2092 1269 2155 Beniamin.
1373 2086 1377 2093 “

170 2192 252 2257 unde
282 2192 401 2269 errant,
430 2191 483 2275 qui
511 2192 624 2275 putant
644 2191 810 2258 Beniamin
836 2192 938 2258 filium
967 2193 1088 2259 dierum
1116 2193 1270 2279 interpre-

170 2295 242 2362 tari.
292 2313 363 2359 oum
388 2294 471 2361 enim
494 2295 620 2361 dextera
641 2296 816 2379 appelletur
842 2301 937 2361 iamin
967 2297 1000 2363 et
1027 2294 1155 2363 finietirr
1186 2297 1219 2361 in
1248 2316 1276 2364 rr·

169 2399 308 2479 literam,
342 2398 408 2465 dies
431 2398 555 2483 quidem
577 2399 773 2485 appellantur
799 2402 832 2467 et
857 2400 919 2486 ipsi
947 2405 1068 2481 iamim,
1098 2401 1216 2468 sedin
1243 2422 1271 2469 m

7 2558 8 2577 t
116 2511 154 2565 20
169 2504 295 2571 literam
317 2504 534 2571 terminantur.

256 2613 297 2675 Et
320 2610 474 2695 prffeeluo
496 2615 538 2674 ert
559 2612 693 2674 Israhel:
718 2616 746 2675 et
775 2612 906 2675 emeno
934 2613 1157 2685 toberpooolom
1183 2634 1272 2675 ereum

170 2718 253 2777 trono
281 2719 391 2777 turrim
415 2713 508 2778 Ader.
562 2714 646 2779 hune
672 2714 777 2779 looum
807 2732 874 2780 esse
894 2713 1032 2794 Hebraei
1060 2713 1187 2792 uolunt,
1217 2714 1272 2782 ubi

171 2810 280 2904 postea
301 2816 453 2901 templum
473 2816 671 2883 aedificatum
692 2819 756 2896 est,
778 2818 811 2883 et
830 2817 943 2883 turrim
959 2817 1045 2884 Ader
1066 2817 1180 2883 turrim
1197 2837 1270 2903 gre·

171 2922 220 3007 gis
249 2921 433 3006 significari,
471 2922 531 2986 hoe
561 2923 610 2988 est
640 2921 892 3007 congregationis
922 2922 955 2987 et
982 2925 1104 2988 noetus:
1133 2922 1216 3004 quod
1240 2924 1272 2987 et

115 3045 152 3098 25
169 3012 330 3093 Miobaeas
345 3027 497 3111 prophete
515 3026 651 3091 testatur
673 3024 777 3090 dieens
796 3032 824 3089 et
844 3030 876 3089 tu
897 3031 993 3090 tumor
1008 3031 1110 3111 prepie
1124 3029 1271 3104 retulero,

160 3131 235 3211 filio
254 3130 325 3193 Sion
351 3131 384 3194 et
406 3131 523 3195 oetere:
555 3127 670 3211 illoque
690 3130 830 3213 tempore
853 3129 947 3195 Iacob
968 3130 1056 3195 trans
1078 3129 1196 3205 looum,
1218 3130 1272 3195 ubi

169 3234 278 3318 postea
304 3232 456 3317 templum
479 3232 678 3298 eedifioatrun
700 3235 763 3311 est,
792 3233 938 3300 habuisse
963 3234 1107 3300 tentoria.
1160 3232 1216 3298 sed
1243 3233 1272 3299 ei

170 3355 337 3420 sequemur
367 3334 507 3402 ordinem
538 3336 623 3415 uiae,
669 3338 832 3420 pastorum
867 3336 954 3401 iuxta
981 3337 1146 3403 Bethleem
1182 3336 1271 3403 loeus

171 3443 231 3519 est,
253 3439 307 3505 ubi
326 3440 379 3506 uel
401 3441 582 3525 angelorum
603 3459 680 3525 grex
697 3440 730 3505 iu
746 3441 817 3505 ortu
840 3439 956 3507 domini
976 3440 1090 3514 eeoinit
1109 3440 1161 3505 uel
1175 3439 1271 3506 Iaeob

114 3568 152 3622 30
169 3562 282 3628 peoora
310 3563 365 3609 sue
388 3543 491 3627 pauit,
526 3544 595 3609 loeo
625 3560 738 3609 nornen
767 3544 934 3628 inponens,
969 3543 1023 3609 uel
1050 3543 1145 3629 (quod
1166 3544 1271 3611 uerius

171 3649 231 3731 est)
261 3646 396 3733 quodem
425 3646 572 3712 uaticinio
601 3646 742 3713 futurum
768 3647 834 3714 iam
862 3651 938 3714 tune
965 3648 1151 3733 mysterium
1179 3666 1270 3714 mon-

35 3761 37 3767 '
171 3750 340 3820 strabitur.
363 3830 364 3833 Ἴ

256 3858 297 3920 Et
317 3860 400 3920 uertit
414 3857 500 3919 Ieoob
518 3856 557 3918 ed
570 3857 657 3919 Iooeo
672 3863 792 3941 petrem
812 3877 901 3920 suum
920 3860 952 3919 e'rr
968 3858 1105 3920 Mambre
1119 3860 1270 3921 madelme

170 3959 284 4039 Arbore,
311 3963 383 4024 beree
404 3965 447 4023 ert
467 3960 606 4024 auterre.
655 3977 711 4044 pro
732 3964 819 4025 erbee
838 3959 871 4026 iu
888 3959 973 4025 LXX
993 3979 1138 4045 eampum
1164 3960 1269 4036 hebet,

224 4077 257 4132 10
267 4078 315 4127 Iob
322 4076 347 4140 6,
360 4076 396 4131 51Ἰ
407 4074 410 4145 l
420 4077 451 4130 11
463 4075 566 4140 (tenet,
579 4073 624 4144 18l
636 4075 668 4128 21
683 4078 736 4127 Gen
748 4076 790 4138 35,
804 4078 837 4130 21
849 4074 853 4145 l
864 4078 898 4131 25
914 4077 984 4127 Minu
995 4077 1022 4142 4,
1033 4075 1064 4146 8>
1077 4079 1175 4132 33Geu
1183 4075 1225 4137 35,
1235 4078 1269 4131 27

135 4232 138 4241 ,
242 4177 255 4229 1
274 4177 444 4229 keoodor'rho
463 4179 510 4227 rbe
521 4180 590 4243 sris,
611 4176 685 4227 keoor
704 4191 869 4229 noronoeno
888 4180 966 4241 borel,
988 4181 1015 4227 in
1032 4195 1078 4240 quo
1094 4192 1149 4228 erro
1169 4181 1270 4227 alterum

169 4267 286 4314 deletum:
313 4266 467 4314 tolerabatur
485 4266 598 4329 leprmtur
619 4266 647 4312 in
667 4266 817 4327 erepturam
833 4261 838 4330 Ι
854 4263 888 4318 18
906 4264 1050 4328 appelletur
1067 4268 1103 4331 βγ
1119 4261 1123 4330 Ι
1139 4264 1172 4317 19
1192 4264 1269 4315 iamin

169 4350 368 4419 y,iemmimrp
389 4344 392 4417 l
413 4347 605 4403 2223turrom
625 4348 855 4421 ‹p125tu>(p
