3125 5167
1217 824 1221 852 l

1202 861 1210 884 l

439 857 455 901 q

135 932 149 983 1
239 918 423 1001 Hieronymi
450 903 838 1003 hebraicae-quaestiones
862 919 896 985 in
923 919 1003 984 libro
1032 918 1199 986 Geneseos.

257 1099 352 1179 Qui
344 1120 377 1163 ιιι
402 1100 563 1183 principiis
586 1100 737 1164 librorum
763 1100 913 1165 debebam
936 1100 1075 1165 secuturi
1097 1099 1199 1183 operis
1221 1120 1272 1164 ar·-

168 1206 318 1320 gumenta
329 1222 509 1287 proponere,
525 1222 620 1287 cogor
634 1204 719 1287 prius
732 1203 917 1289 respondere
930 1204 1114 1282 maledictis,
1134 1204 1273 1269 Terentii

170 1289 327 1391 quippiam
351 1310 521 1386 sustinens,
554 1309 607 1391 qui
630 1308 862 1373 comoediarum
884 1309 1067 1391 prologos
1059 1329 1092 1373 m
1117 1308 1270 1373 defensio-

134 1414 240 1476 5uem
268 1414 317 1477 sui
346 1412 445 1477 scenis
471 1413 573 1477 dabat
551 1413 778 1496 turguebat
803 1414 885 1477 enirn
907 1410 978 1477 erim
1001 1414 1133 1477 Luscius
1155 1414 1271 1477 Lanui-

168 1536 243 1593 nus‚
281 1520 389 1582 nostro
411 1517 523 1582 Luscio
547 1518 672 1597 similis,
703 1520 735 1583 et
758 1519 847 1600 quasi
868 1518 985 1601 publici
1007 1494 1119 1582 aerarii
1147 1521 1271 1602 poetam

167 1622 268 1685 lirrern
301 1621 552 1687 criminabatur*
589 1624 649 1687 hoo
685 1621 768 1686 idem
802 1641 914 1703 passus
945 1623 994 1685 est
1017 1621 1055 1686 ab
1079 1622 1212 1685 aemulis
1236 1624 1272 1686 'et

122 1719 124 1725 ’
167 1726 356 1790 mantuanus
377 1729 482 1803 uates,
506 1730 555 1804 ut,
571 1746 651 1797 ‚curn
674 1727 825 1809 quosdam
847 1745 957 1791 uersus
977 1727 1109 1790 Homeri
1130 1728 1270 1791 transtu-

166 1828 255 1893 lisset
287 1830 326 1893 ad
357 1830 503 1908 uerbum,
542 1832 725 1914 ·conpilator
760 1833 904 1895 ueterum
935 1830 1099 1896 diceretur.
1160 1830 1272 1913 quibus

116 1941 150 1993 ιθ
166 1932 404 2017 ille-respondit
427 1954 614 2017 magnarum
634 1954 702 1999 esse
722 1934 840 1998 uirium
861 1933 1137 2011 clauamHerculi
1167 1936 1271 1998 extor-

168 2057 261 2119 quere
291 2037 328 2101 de
355 2058 458 2103 manu.
517 2040 570 2103 sed
601 2042 632 2104 et
660 2039 798 2115 Tunius,
828 2040 882 2121 qui
910 2039 944 2101 in
973 2057 1044 2102 arce
1074 2036 1271 2120 eloquentiae

167 2160 315 2206 romanae
340 2144 443 2219 stetit,
473 2162 527 2207 rer
550 2146 710 2208 oratorum
734 2145 765 2207 et
787 2142 905 2207 latinae
927 2142 1054 2224 linguae
1076 2143 1270 2219 inlustrator,

165 2244 409 2327 repetundarum
440 2249 605 2311 accusatur
634 2247 815 2311 aGraecis.
875 2265 939 2310 non
965 2245 1082 2309 mirum
1115 2265 1206 2329 ergo,
1243 2246 1270 2310 si

167 2352 277 2415 contra
310 2370 360 2414 me
390 2369 524 2433 paruum
560 2351 785 2416 homunculum
817 2350 961 2413 inmundi
996 2368 1068 2413 sues
1099 2351 1272 2433 grunniant

114 2461 148 2535 lp
167 2457 199 2519 et
222 2453 352 2538 pedibus
375 2456 562 2539 margaritas
586 2455 786 2531 conculcent,
810 2467 882 2519 cum·
902 2453 1053 2518 aduersus
1075 2452 1270 2518 doctissimos

165 2558 251 2621 uiros
275 2559 382 2640 etqui
405 2559 506 2641 gloria
526 2557 677 2623 inuidiam
700 2576 845 2641 superare
870 2557 1055 2634 debuerant,
1078 2557 1160 2621 liuor
1182 2578 1270 2622 exar-

167 2663 252 2725 serit.
297 2664 418 2726 uerum
433 2665 493 2727 hoc
512 2662 576 2727 illis
599 2663 712 2727 merito
741 2662 871 2740 accidit,
904 2681 1034 2744 quorum
1058 2660 1096 2723 in
1127 2661 1269 2737 theatris,

166 2765 269 2840 curia,
298 2768 457 2844 contione,
487 2787 543 2850 pro
566 2768 676 2831 rostris
700 2766 877 2848 eloquentia
902 2766 1103 2848 pertonabat:
1149 2783 1270 2847 semper

167 2870 251 2932 enim
276 2871 308 2934 iu
330 2871 495 2953 propatulo
519 2871 669 2936 fortitudo
693 2871 833 2962 aemulos
855 2871 961 2946 habet,
983 2871 1162 2951 feriuntque
1192 2891 1271 2931 saar-

111 2986 148 3039 20
165 2994 230 3035 mos
242 2974 382 3057 fulguru
398 2982 526 3039 montes:
572 2995 622 3040 me
645 2994 719 3039 uero
742 2974 851 3061 procul
874 2974 913 3038 ab
935 2974 1077 3049 urbibus,
1100 2973 1183 3048 foro,
1206 2971 1270 3036 liti-

166 3077 242 3155 bus,
266 3079 366 3143 turbis
387 3082 559 3157 remotum,
589 3086 632 3143 sic
654 3102 765 3162 qaoque
788 3081 844 3160 (ut
865 3077 1075 3157 Quintilianus
1096 3077 1158 3158 ait)
1180 3079 1270 3139 lutea

164 3187 260 3245 tera
245 3188 359 3246 caucasi
348 3185 506 3247 tabuidcc.
529 3181 611 3247 unde
635 3183 786 3247 lectorem
805 3181 933 3246 obsecro
956 3180 1000 3266 (si
1013 3186 1079 3263 quis
1091 3184 1272 3265 tamecbuec

166 3308 292 3369 quoquc,
325 3292 355 3349 c'
375 3294 441 3369 qais
461 3293 564 3370 coptus
586 3310 686 3351 umore
708 3286 851 3373 1691111
830 3287 921 3350 utin
942 3285 1030 3349 libris
1052 3261 1271 3348 hebraicarum

236 3434 269 3487 19
287 3409 370 3485 Horat
388 3451 455 3485 cerm
474 3441 490 3499 β
511 3436 604 3498 10,11
623 3435 724 3501 12121
745 3435 861 3491 Quintil?
877 3434 931 3497 122
949 3433 1040 3495 Uergil
1060 3432 1097 3481 ecl
1117 3432 1140 3494 6,
1156 3434 1172 3487 9
1188 3433 1221 3486 10

238 3552 252 3603 1
272 3553 319 3609 Qua·
341 3557 428 3601 titulus
449 3558 579 3617 praefixus
602 3559 633 3603 eit
650 3558 678 3603 ab
698 3556 848 3613 Hieronymo
873 3556 933 3613 apso,
953 3553 1041 3599 brescio.
1083 3549 1175 3613 incipit
1191 3550 1269 3599 Liber

166 3638 325 3703 questionum
331 3638 514 3689 Hebraicarum
525 3660 555 3709 q,
569 3639 792 3689 SofroniiEusebii
805 3638 950 3688 Hieronimi
962 3636 993 3685 iri
996 3634 1081 3686 Libris
1094 3636 1270 3685 hebraicarum

165 3726 330 3789 questionum.
351 3726 445 3790 Incipit
458 3727 594 3791 Prologus
615 3732 671 3777 ante
690 3743 716 3777 se
735 3726 856 3776 inauditis
874 3731 926 3774 tarn
945 3723 1026 3788 grecis
1048 3738 1119 3787 quum
1132 3722 1269 3788 Latinispi.

165 3814 325 3873 irrumptione
344 3822 426 3862 cureat
442 3832 491 3882 ay.
534 3817 597 3879 plin
621 3817 698 3863 indrcc
718 3816 834 3862 librorum
858 3815 977 3860 uolumini
997 3812 1130 3872 praemisso
1150 3808 1268 3859 leronimi

166 3897 254 3953 Queat
247 3914 317 3949 iones
329 3900 357 3948 in
377 3899 443 3949 libro
459 3915 592 3963 geneseos,
614 3918 636 3969 φ
656 3903 733 3949 eodem
752 3902 802 3948 loco
813 3899 891 3949 Liber
905 3897 1078 3963 quaestionum
1097 3894 1267 3963 ebreicorum}

166 3983 322 4035 2debebarn
344 3992 418 4056 pipp,
448 3986 551 4035 debeam
574 4004 596 4054 φ
617 3988 621 4051 1
644 3986 661 4039 2
682 3986 792 4037 secuturi
815 3991 878 4052 βγ,
846 3987 872 4020 ²
909 3983 1051 4033 secucuturi
1069 3984 1108 4049 7¹,
1136 3981 1218 4030 securi
1237 4001 1268 4049 φ

166 4072 284 4141 secutip
309 4074 313 4137 1
335 4072 351 4125 5
371 4089 428 4121 eum
446 4080 479 4129 >
496 4078 541 4141 μἰρ
564 4073 568 4135 1
589 4072 605 4127 5
624 4072 715 4123 lustius
734 4092 756 4141 φ
777 4073 781 4136 1
804 4071 847 4134 516
869 4072 986 4120 lanuinus
1004 4072 1053 4135 ss¹p
1054 4084 1112 4136 μ,φ
1136 4067 1271 4116 lanuuinus

165 4158 249 4224 5216
268 4158 387 4208 lustio
366 4176 396 4227 q,
413 4159 512 4223 luciopt
535 4160 538 4221 Ι
558 4158 573 4209 l
592 4160 674 4226 amulo
697 4179 734 4228 μ,
758 4163 833 4208 cauda
850 4160 1008 4207 aderardus
1031 4157 1116 4203 addita
1138 4163 1161 4201 et
1183 4163 1268 4202 antee

165 4248 238 4294 litera
256 4247 362 4294 radendo
379 4248 458 4295 deletu
480 4246 484 4310 1
506 4244 540 4298 14
558 4246 751 4314 immundaerp
771 4244 893 4309 inmundq
909 4263 931 4311 μ
947 4243 951 4309 1
968 4241 1001 4295 15
1017 4255 1088 4302 marg
1072 4239 1180 4288 saritam
1198 4257 1244 4310 parf
1266 4237 1269 4309 1

166 4328 201 4384 15
220 4330 393 4380 aduersum
372 4350 393 4400 ᾳ

995 4398 1008 4450 1
