3125 5167
300 388 317 441 2

301 562 533 646 quaestionum,
565 579 642 645 quos
664 561 698 625 in
728 579 854 625 ornnem
881 560 1070 643 scripturam
1095 563 1238 626 sanctam
1266 558 1438 664 disposuil

300 666 452 745 scribere,
486 686 548 731 non
571 668 702 749 quaerat
723 665 947 748 eloquentiam,
976 684 1040 729 uon
1069 666 1230 730 oratorum
1257 666 1404 749 leporem,

300 771 356 835 sed
383 770 486 855 magis
512 771 648 835 inimicis
681 788 737 853 pro
769 770 859 835 nobis
893 770 961 853 ipse
991 770 1179 853 respondeat
1206 788 1288 834 nouo
1319 770 1405 852 operi

300 876 427 940 ueniam
448 873 688 941 concedendam.
731 876 767 939 ut
788 875 872 938 enim
893 894 968 951 nos,
995 874 1130 939 humiles
1153 876 1247 957 atque
1270 892 1405 957 pauper-

302 978 381 1056 culi,
409 998 467 1044 nec
488 979 638 1043 habemus
669 977 796 1043 diuitias
823 998 882 1043 nec
907 980 1030 1045 oblatas
1061 979 1228 1062 dignamur
1255 978 1440 1081 accipere,5

300 1082 401 1147 ita'et
427 1082 476 1147 illi
502 1084 648 1148 nouerint
665 1102 729 1147 non
750 1101 842 1166 posse
863 1102 897 1147 sc
927 1082 1074 1147 notitiam
1102 1084 1342 1166 scripturarum,
1372 1079 1405 1145 id

302 1190 352 1253 est
388 1187 515 1277 diuitias
545 1187 677 1265 Christi,
715 1206 788 1251 cnm
823 1186 935 1252 mundi
970 1188 1090 1270 pariter
1124 1188 1240 1253 habere
1277 1186 1404 1251 diuitiis.

302 1290 399 1357 studii
431 1310 505 1375 ergo
534 1292 634 1357 nostri
656 1292 716 1357 erit
745 1292 798 1356 uel
827 1311 952 1368 eorum,
983 1292 1038 1375 qui
1066 1292 1104 1356 dc
1132 1291 1222 1356 libris
1250 1290 1405 1356 hebraicis

301 1397 391 1461 uaria
413 1396 631 1479 suspicanturJ
668 1415 788 1462 errores
809 1395 953 1462 refellere
973 1396 1026 1461 uel
1049 1416 1103 1473 ea,
1135 1416 1215 1479 quae
1243 1396 1275 1461 in
1298 1395 1405 1460 latinis

301 1503 334 1567 et
355 1501 477 1585 graccis
506 1500 663 1565 codicibus
693 1503 814 1565 scatere
839 1482 1004 1578 usitatur,
1034 1501 1217 1565 auctoritati
1237 1519 1313 1565 snae
1333 1499 1404 1564 red·
1424 1541 1458 1595 10

302 1606 393 1684 dere,
413 1604 620 1688 etymologias
644 1624 765 1689 quoque
789 1624 911 1684 rerum,
935 1605 1099 1670 nominum
1119 1608 1212 1689 atquc
1232 1605 1404 1688 regionum,

301 1708 435 1791 quaein
464 1711 572 1774 nostro
601 1728 743 1774 sermone
772 1728 834 1775 non
863 1711 1029 1786 resonant,
1060 1709 1248 1774 uernaculae
1278 1708 1405 1792 linguae

302 1813 467 1897 explanare
496 1813 628 1878 ratione.
679 1816 800 1897 etque
828 1813 954 1879 facilius
982 1813 1157 1879 emendatio
1188 1815 1405 1897 cognoscatur,

301 1917 371 2001 ipsa
390 1918 542 2001 primum,
564 1920 601 1982 ut
623 1918 707 1999 apud
730 1936 788 1983 nos
810 1920 900 1996 sunt,
925 1918 1107 1983 testimonia
1128 1918 1343 2002 proponimus,
1374 1918 1406 1981 et

301 2040 339 2087 cx
372 2022 548 2088 conlatione
586 2042 709 2101 eorum,
755 2042 835 2106 quae
869 2025 1033 2098 secuntur,
1078 2022 1152 2106 quid
1189 2023 1222 2087 in
1250 2022 1314 2087 illis
1351 2022 1406 2089 aut
1423 2065 1459 2116 15

300 2127 405 2191 minus
436 2130 491 2192 aut
519 2127 591 2210 plus
621 2130 677 2192 aut
705 2127 799 2191 aliter
829 2128 887 2205 sit,
923 2126 1139 2211 indicabimus.
1202 2146 1303 2210 neque
1330 2144 1404 2191 uero

301 2232 386 2297 LXX
421 2233 644 2314 interpretum,
683 2234 721 2297 ut
755 2232 857 2297 inuidi
888 2232 1044 2309 lacerant,
1086 2250 1206 2296 errores
1235 2232 1405 2314 arguimus,

302 2355 360 2401 nec
400 2339 543 2401 nostrum
587 2336 727 2402 laborem
762 2336 890 2401 illorum
923 2336 1214 2420 repraehensionem
1249 2337 1405 2417 putamus,

302 2459 375 2505 cum
396 2441 452 2505 illi
481 2440 663 2507 Ptolomaeo
698 2442 768 2524 regi
797 2440 1006 2505 Alexandriae
1034 2441 1170 2524 mystica
1201 2458 1342 2523 quaeque
1372 2439 1406 2502 in
1432 2512 1442 2527 ο

302 2544 467 2627 scripturis
501 2546 618 2610 sanctis
652 2544 782 2628 prodere
815 2545 973 2611 noluerint
1004 2548 1037 2610 et
1067 2546 1203 2610 maxime
1236 2564 1290 2622 ea,
1326 2561 1406 2626 quae
1425 2595 1463 2647 20

303 2648 420 2713 Christi
457 2648 628 2713 aduentum
662 2648 906 2731 pollicebantur,
949 2669 989 2713 ne
1023 2648 1205 2713 uiderentur
1235 2647 1343 2713 Iudaei
1375 2648 1407 2711 ct

303 2751 439 2817 alterum
474 2752 566 2818 deum
604 2751 723 2816 colere:
759 2771 836 2834 quos
870 2752 924 2817 ille
957 2752 1099 2817 Platonis
1133 2754 1271 2817 sectator
1301 2749 1408 2835 magni

302 2853 419 2920 idcirco
448 2855 597 2934 faciebat,
635 2855 708 2939 quia
736 2875 835 2921 unum
850 2857 958 2921 -deum
986 2856 1088 2921 colere
1114 2857 1300 2921 dicerentur.
1353 2853 1407 2920 scd

233 3044 237 3051 .
306 2961 338 3023 et
365 2959 576 3043 euangelistae
610 2963 643 3025 et
676 2959 820 3025 dominus
852 2980 973 3044 quoque
1001 2963 1109 3026 noster
1141 2963 1234 3044 atque
1270 2960 1408 3026 saluator

304 3081 363 3128 nec
390 3082 453 3128 non
477 3066 509 3129 ct
529 3064 647 3129 Paulus
676 3064 837 3147 apostolus
867 3065 971 3130 multa
999 3064 1088 3148 quasi
1115 3064 1152 3130 de
1179 3066 1279 3131 ueteri
1306 3065 1408 3129 testa-

303 3168 409 3231 mento
432 3166 612 3251 proferunt,
643 3187 721 3251 quac
747 3168 785 3270 in
813 3169 930 3233 nostris
959 3168 1117 3233 codicibus
1145 3189 1208 3235 non
1238 3169 1408 3234 habentur:

305 3288 398 3353 snper
419 3271 532 3354 quibus
556 3272 590 3335 in
613 3274 678 3338 suis
700 3272 778 3339 locis
801 3272 923 3355 plenius
945 3273 1144 3340 disseremus.
1196 3294 1233 3339 er
1255 3292 1315 3355 quo
1335 3291 1408 3354 per·

304 3375 447 3456 spicuam
477 3377 525 3440 est
551 3376 607 3441 illa
643 3377 745 3461 magis
772 3396 849 3441 uera
879 3397 947 3442 esse
978 3378 1180 3461 exemplaria,
1219 3396 1298 3460 quac
1337 3395 1408 3441 cum

304 3476 380 3541 noui
399 3481 583 3546 testamenti
605 3482 792 3547 auctoritate
815 3481 1014 3547 concordant.
1040 3482 1163 3547 accedit
1184 3482 1223 3547 ad
1245 3482 1304 3547 hoc
1326 3480 1409 3562 quod

306 3600 427 3666 quoque
471 3584 637 3667 Iosephus,
674 3587 727 3668 qui
761 3586 847 3651 LXX
882 3586 1088 3669 interpretum
1124 3587 1270 3671 proponit
1309 3586 1409 3649 histo·
1427 3623 1463 3676 30

1425 3118 1461 3171 25

375 3750 411 3804 30
427 3748 550 3815 Iosephus
567 3753 684 3825 αρχαιολ
704 3758 732 3819 ιβ
749 3753 767 3806 2

376 3895 409 3949 14
427 3898 593 3963 proponimus
612 3904 657 3967 ῥγ,
676 3914 847 3963 proponemus
864 3918 910 3970 μφ
926 3901 931 3965 Ι
947 3899 981 3954 14
1000 3903 1025 3950 et
1041 3906 1075 3957 >
1090 3918 1137 3971 μφ
1153 3901 1158 3965 Ι
1174 3900 1208 3954 15
1227 3903 1347 3951 secuntur
1364 3902 1409 3966 ssy,
1547 3869 1549 4018 Ι

307 3986 441 4048 sequentur
458 4001 503 4052 μφ
518 3982 523 4042 Ι
540 3983 573 4036 16
591 3983 729 4034 indicantia
740 4004 787 4055 μφ
802 3988 808 4051 1
824 3985 856 4038 17
875 3986 1042 4049 interpretum
1097 4002 1195 4037 errores
1214 3992 1259 4055 βγ,
1284 3987 1409 4049 interpre-

305 4072 343 4119 tes
424 4069 517 4119 erroris
535 4088 565 4139 φ,
585 4072 736 4135 interpretes
809 4088 909 4122 errores
927 4092 949 4139 μ
965 4074 970 4136 Ι
987 4073 1019 4126 17
1037 4069 1150 4123 lacerant
1161 4079 1252 4142 βγμφ,
1271 4072 1365 4123 latrant
1377 4069 1408 4140 ς1
1547 4058 1549 4167 J

307 4152 342 4207 20
366 4156 460 4207 sanctis
481 4163 515 4213 >
537 4173 583 4224 μφ
606 4154 611 4223 l
633 4156 712 4223 29J30
739 4157 787 4206 hoe
808 4158 879 4227 vquod
907 4174 1004 4224 qunque
1029 4161 1151 4226 iosephus
1173 4178 1200 4227 y,
1238 4160 1287 4209 hoc
1313 4174 1411 4225 quoque

306 4239 374 4305 quod
398 4242 519 4305 iosephua
546 4246 575 4307 β,
599 4244 647 4303 hcc
665 4243 731 4308 quod
752 4243 873 4307 Iosippns
890 4262 926 4312 μ,
954 4246 1003 4296 hcc
1024 4246 1091 4310 quod
1114 4246 1236 4309 iosephus
1255 4244 1348 4315 φ130
1363 4260 1410 4308 po·

306 4328 345 4376 1²st
361 4344 407 4397 co
426 4332 437 4373 ⁵
878 4343 882 4352 ’
