3125 5167
284 1681 456 1763 Postquam
492 1677 653 1743 academia
686 1675 929 1752 uindobonensis
962 1676 1088 1759 patrum
1123 1674 1292 1741 latinorum

190 1799 380 1865 edendorum
409 1798 572 1865 consilium
599 1799 696 1883 cepit,
738 1816 830 1863 nemo
861 1796 953 1861 facile
982 1796 1042 1860 sibi
1062 1795 1291 1861 libri‘alicuius

189 1920 429 2005 recognoscendi
452 1938 559 1985 curam
580 1920 688 2003 inponi
712 1906 863 2002 patietur,
896 1936 987 2001 quem
1009 1917 1049 1982 ab
1070 1915 1128 1981 illa
1154 1916 1188 1980 in
1216 1934 1291 1981 eon-

189 2041 355 2107 lectionem
377 2060 466 2105 suam
488 2042 649 2124 receptum
676 2039 717 2103 iri
737 2041 860 2103 eertum
886 2037 936 2102 sit
984 2056 1084 2121 neque
1111 2037 1210 2121 igitur
1232 2055 1289 2121 ego

190 2161 229 2227 ad
251 2161 437 2257 Hieronymi
459 2160 656 2243 quaestiones
671 2159 848 2224 ›hebraioas
868 2158 961 2242 typis·
976 2156 1193 2222 exscribendas
1222 2146 1290 2222 ma·

122 2304 126 2319 ¹
189 2300 264 2346 num
286 2280 509 2357 admouissem‚
538 2279 599 2344 nisi
626 2280 753 2363 propter
774 2279 950 2344 uersionem
977 2278 1177 2363 septuaginta
1205 2277 1291 2343 uiro·

188 2422 275 2479 rum,
310 2421 391 2485 quae
420 2400 548 2478 dicitur,
584 2400 794 2466 necessarium
826 2399 930 2465 nisum
967 2401 1050 2464 esset
1079 2418 1115 2463 ex
1141 2399 1318 2489 euomplis¹

189 2522 343 2605 aliquibus
380 2522 417 2586 de
454 2521 514 2587 fide
546 2522 710 2587 certiorem
743 2521 826 2600 fieri,
871 2541 933 2605 qua
961 2520 1145 2604 Hieronymi
1175 2520 1290 2603 scripta
1317 2529 1322 2545 '

189 2643 379 2722 adiissent,
415 2642 653 2709 adpersionem
677 2642 765 2707 iilam
789 2644 820 2706 et
849 2641 1122 2727 interpretationes
1155 2660 1207 2706 eas
1238 2660 1291 2706 co-

187 2763 396 2847 gnoscendas,
419 2782 497 2845 quae
517 2764 606 2828 illam
629 2764 753 2829 secutae
775 2762 861 2827 illius
883 2762 1126 2844 corrumpendae
1148 2762 1179 2825 et
1200 2780 1290 2826 oeca-

188 2884 307 2949 sionem
329 2885 360 2948 ot
382 2883 548 2971 materiam
566 2884 791 2966 praebuerunt,
813 2882 984 2965 plurimum
1004 2882 1159 2947 facientia.
1184 2883 1290 2946 exten·
1382 2900 1384 2906 ’

188 3002 294 3069 doram
321 3022 448 3089 operam
475 3023 579 3070 meam
606 3004 646 3069 ad
676 3003 816 3068 eiusdem
836 3003 1020 3084 Hieronymi
1051 3002 1088 3068 de
1114 3002 1290 3068 nominibus

186 3122 342 3189 hebraicis
379 3126 410 3189 ot
446 3123 484 3188 de
517 3124 581 3190 situ
620 3126 652 3189 et
686 3123 864 3189 nominibus
900 3122 1041 3187 locorum
1073 3122 1290 3187 hebraicorum

186 3244 299 3322 libros,
332 3263 442 3309 uerum
474 3246 506 3309 et
537 3243 668 3309 aduersa
689 3227 870 3343 ualetudine
896 3246 928 3308 et
957 3242 1014 3309 otii
1043 3243 1132 3308 mihi·
1151 3245 1291 3310 concessi

187 3364 342 3429 breuitate
375 3364 533 3450 inpeditus
561 3384 647 3442 sum,
689 3366 855 3447 quominus
885 3364 972 3441 illos,
1006 3383 1137 3447 quorum
1168 3367 1292 3449 partem

188 3484 325 3567 aliquam
348 3484 412 3550 iam
432 3484 516 3568 typis
539 3484 672 3550 exscribi
694 3463 891 3562 omanorum,
913 3484 986 3549 huic
1008 3485 1157 3568 opusculo
1180 3485 1290 3552 adiun-

187 3624 303 3689 gerem.
357 3624 456 3689 neque
479 3625 528 3670 me
556 3604 730 3689 inpeditum
752 3624 820 3670 esse
842 3604 946 3684 doleo,
975 3624 1086 3687 quum,
1117 3607 1144 3670 si
1166 3589 1203 3670 ex
1226 3606 1290 3671 alto

189 3744 313 3801 eorum,
342 3725 451 3810 quibus
481 3746 551 3791 mea
574 3746 667 3791 curae
692 3744 759 3791 esse
783 3702 946 3805 deberent,
979 3725 1102 3791 silentio
1126 3728 1158 3791 et
1180 3726 1290 3811 exigno

187 3845 387 3921 uenditorem
421 3848 634 3931 exemplorum
675 3866 804 3912 numero
841 3846 991 3913 iudicium
1027 3848 1068 3912 sit
1104 3846 1290 3923 faciendum,

188 3968 310 4033 soleant
348 3966 421 4031 libri
452 3967 677 4033 mei‘totidem
710 3967 833 4052 paginis
866 3968 1023 4053 longiores
1061 3966 1178 4046 uideri,
1214 3970 1291 4050 quot

188 4086 313 4154 habent.

276 4204 460 4288 Hieronymi
480 4203 601 4271 codices
630 4204 734 4271 edenti
755 4205 796 4269 ad
816 4223 928 4269 manus
957 4204 1083 4268 fuerunt
1109 4206 1189 4282 tres,
1217 4224 1289 4271 nam

189 4324 335 4407 quartum
356 4323 408 4387 uix
429 4342 579 4407 umquam
603 4323 739 4408 inspexi,
763 4323 908 4408 quintum
930 4320 996 4387 uidi
1015 4323 1149 4389 tantum.

468 4694 738 4813 1185994
