3125 5167
293 396 328 455 32

292 560 500 644 proprietates
523 578 613 637 snas,
644 579 715 625 oum
738 559 891 645 hodieque
910 538 1029 628 Itomae
1060 580 1168 627 omnes
1197 559 1254 627 lilii
1281 580 1433 636 nonen-1
1557 605 1559 612 -

292 668 345 730 tur
367 663 511 729 infantes.
561 664 667 749 posuit
695 682 769 747 ergo
797 663 960 730 Abraham
988 686 1085 749 panes
1114 668 1147 731 et
1176 669 1280 731 utrem
1306 686 1397 750 super

294 786 436 834 umorum
458 767 561 851 Agar:
592 771 624 833 et
652 768 712 833 hoo
740 769 823 833 laeto
854 772 935 833 dedo
957 794 1088 855 puerum
1120 771 1232 848 matri,
1261 772 1321 835 hoo
1350 774 1398 837 est

201 902 205 911 ·
292 874 325 938 in
343 893 437 939 manu
461 873 526 937 eins
546 872 691 950 tradidit,
715 872 960 950 commendauit,
984 876 1082 940 etita
1104 875 1211 940 emisit
1232 894 1248 939 e
1272 873 1372 941 domo.

380 975 469 1057 Quod
492 978 598 1041 autern
625 976 765 1059 sequitur
796 983 824 1040 et
854 982 979 1061 proiecit
999 1001 1131 1061 puerum
1153 982 1256 1043 errbler
1276 983 1397 1043 abietem
1416 992 1435 1045 5

291 1087 319 1145 et
338 1085 438 1146 obiens
458 1080 533 1144 sedit
548 1081 584 1144 de
611 1086 711 1144 contro
733 1083 819 1164 torpe
838 1086 928 1163 puori
946 1086 1027 1145 iactu
1046 1087 1181 1165 rapollae.
1217 1083 1299 1146 (11211
1320 1087 1396 1146 enim

290 1186 359 1249 Noa
379 1187 484 1249 uidebo
499 1190 623 1249 inertem
641 1187 773 1269 poenali
791 1190 875 1248 meo’“
897 1191 925 1249 et
946 1187 1022 1250 sedit
1036 1193 1138 1250 oonlro
1160 1209 1228 1251 eum
1243 1189 1275 1250 et
1289 1186 1396 1251 statim

289 1290 433 1374 iungitur
446 1292 629 1353 esclamouit
644 1312 724 1373 poor·
737 1295 765 1352 et
778 1288 890 1369 fleuit:
912 1295 940 1353 et
954 1292 1074 1354 audiuit
1096 1292 1169 1354 deus
1189 1313 1290 1355 222222
1307 1295 1400 1375 poert

72 1449 75 1456 .
174 1432 177 1436 »
290 1396 326 1457 de
344 1397 416 1473 loon,
441 1397 494 1457 ubi
514 1399 593 1457 erat:
616 1399 643 1456 et
666 1394 746 1457 dtao'l
762 1396 885 1476 anpelus
899 1395 951 1457 olei
970 1396 1009 1458 ad
1022 1395 1111 1479 Aper
1126 1398 1162 1459 de
1175 1398 1256 1459 eaelo
1273 1396 1305 1459 ot
1321 1394 1396 1458 reli-

292 1517 361 1581 qua,
382 1496 505 1562 nullum
520 1498 661 1562 moueat:
684 1497 716 1560 in
727 1497 862 1562 hebraeo
875 1498 959 1562 enim
973 1500 1045 1580 post
1063 1500 1132 1576 hoo,
1148 1499 1231 1582 quod
1246 1498 1396 1581 scripturn
1417 1516 1452 1568 lo
1557 1536 1559 1548 f

293 1604 340 1667 est
355 1624 412 1667 oon
427 1604 531 1666 ardebo
552 1606 674 1665 mortem
690 1604 823 1685 parsuli
843 1607 910 1680 moi,
932 1602 979 1667 ita
1000 1602 1117 1687 legitur
1132 1602 1216 1685 quod
1229 1603 1298 1685 ipsa
1309 1602 1396 1686 Agar

293 1705 408 1772 sederit
428 1708 538 1771 eontra
559 1724 691 1788 puerum
713 1706 745 1770 ot
766 1704 922 1771 leuauerit
942 1725 1052 1771 nonem
1068 1726 1158 1771 suam
1174 1710 1206 1771 et
1227 1706 1350 1771 fleuerit
1364 1707 1397 1769 ot

294 1809 464 1876 exaudierit
486 1800 561 1874 deus
582 1827 691 1873 uoosm
714 1809 849 1892 paruuli.
904 1809 999 1875 flente
1022 1811 1105 1875 enim
1126 1814 1227 1877 matre
1258 1814 1290 1876 et
1311 1830 1395 1875 mor·

292 1920 357 1983 torn
380 1915 438 1980 filii
462 1914 683 1979 miserabiliter
705 1915 934 1997 praestolante,
962 1916 1038 1993 deus
1068 1915 1228 1981 eraudinit
1254 1934 1395 1999 puerum,

272 2021 330 2087 'de
350 2040 410 2104 quo
444 2018 602 2103 pollicitus
631 2018 733 2083 fuerat
756 2019 902 2083 Abrahae
932 2019 1039 2085 diesne
1082 2021 1134 2084 sed
1164 2026 1192 2083 el
1211 2021 1318 2102 filiam
1347 2042 1397 2083 on·
1415 2029 1451 2083 15
1557 2017 1559 2054 ³

291 2128 380 2190 ollloe
402 2130 469 2189 tuoe
488 2128 520 2186 in
539 2129 655 2207 pentem
675 2132 812 2206 mapsam
833 2124 954 2200 sociam
995 2124 1132 2207 alioquin
1151 2127 1184 2189 st
1204 2123 1274 2206 ipsa
1294 2125 1397 2188 mater

293 2250 355 2296 non
377 2228 468 2294 susm
488 2229 637 2304 mortem,
667 2228 722 2293 sed
743 2227 799 2291 filii
828 2227 1019 2311 deplorabat.
1071 2228 1209 2310 pepercit
1240 2227 1337 2311 igitur
1366 2229 1397 2292 ei

295 2334 387 2412 deus,
409 2352 465 2419 pro
490 2352 549 2417 qno
572 2332 675 2396 fuerat
693 2333 730 2396 et
751 2331 851 2396 fletus.
958 2393 961 2402 ,

377 2438 518 2521 Denique
541 2437 573 2501 in
595 2436 856 2519 consequentibus
878 2426 992 2499 (licitus
1008 2437 1105 2519 serpe
1125 2442 1154 2501 et
1175 2439 1247 2500 tolle
1266 2459 1394 2520 puerum
1557 2497 1559 2510 ,

291 2550 319 2608 et
339 2550 403 2608 terre
423 2564 542 2605 monam
564 2548 637 2605 eius.
675 2560 711 2604 ex
737 2558 797 2622 quo
820 2540 1022 2609 martiatum
1043 2542 1092 2614 est
1118 2560 1204 2618 euin,
1228 2540 1281 2623 qui
1303 2542 1393 2618 tens·
1412 2553 1451 2607 20
1557 2534 1559 2546 ἶ

244 2689 246 2695 «
291 2652 360 2726 tur,
396 2666 459 2712 non
481 2645 567 2710 oneri
597 2644 691 2709 matri
721 2644 831 2720 fuisse,
869 2643 924 2707 aad
957 2642 1111 2708 comitem.
1169 2643 1252 2726 quod
1289 2645 1395 2708 autem
1557 2645 1559 2668 ²

291 2772 386 2819 manu
406 2748 545 2833 parentis
567 2751 708 2827 tenetur,
732 2747 884 2813 sollicitus
903 2750 1097 2812 monstratur
1119 2749 1258 2814 affectus.

378 2859 419 2919 Et
444 2854 717 2918 2222112221
746 2857 774 2915 et
797 2854 943 2914 ochozath
968 2855 1122 2935 22222122
1150 2857 1215 2916 eius
1242 2857 1270 2915 et
1292 2853 1395 2915 Phiool

286 2968 427 3049 princeps
449 2962 597 3023 eaeror'tus
627 2962 698 3019 satra
749 2957 877 3038 excepto
900 2954 1084 3019 Abimeleoh
1116 2957 1148 3021 et
1173 2955 1300 3032 Phison,
1329 2956 1393 3018 ter·
1557 3017 1559 3042 Ι

291 3066 372 3133 tium
396 3083 523 3143 nomen,
562 3060 643 3146 quod
670 3060 721 3124 hie
748 3059 882 3144 legitur,
918 3058 952 3123 in
981 3059 1115 3125 hebraeo
1146 3058 1304 3125 uolumine
1332 3077 1394 3123 non
1412 3076 1451 3131 25
1557 3045 1559 3072 '

290 3172 386 3237 habet
426 3218 433 3232 .

378 3278 419 3339 El
439 3274 519 3336 aare
540 3273 656 3355 Septem
676 3291 747 3333 oues
767 3273 823 3333 oar
842 3272 969 3353 scorpios
991 3289 1010 3330 o
1030 3267 1105 3344 me,¹
1119 3274 1153 3331 21
1177 3273 1236 3331 sent
1256 3272 1298 3354 in,
1316 3271 1395 3329 testi·

291 3386 422 3445 moreium
444 3380 522 3441 milei
549 3380 620 3459 puio
642 3396 693 3457 epo
712 3374 782 3452 fodi
797 3379 921 3457 paleam
940 3367 1039 3437 otoni.
1094 3373 1160 3436 ideo
1178 3375 1395 3454 oopoominouit

291 3508 393 3551 nomen
412 3486 475 3546 lori
493 3484 581 3545 illios
602 3482 715 3543 Poteras
737 3482 914 3556 iuramenti,
947 3482 1016 3560 poro
1040 3481 1088 3540 ibi
1105 3482 1284 3541 iurauerunt
1301 3480 1394 3541 ambo.

291 3589 345 3654 ubi
365 3588 417 3653 hio
435 3585 551 3668 legitur
569 3589 681 3667 puteus
702 3586 880 3659 iuramenti,
900 3582 933 3645 in
954 3581 1088 3645 hebraeo
1109 3581 1205 3646 habet
1230 3585 1281 3645 ber
1302 3583 1394 3644 sabee.
1413 3585 1452 3638 30

293 3693 405 3776 duplex
444 3692 549 3753 autem
587 3706 695 3763 cansa,
731 3706 786 3750 our
820 3685 866 3749 ita
894 3684 1071 3768 appellatus
1101 3686 1151 3749 sit.
1203 3685 1285 3762 siue,
1323 3684 1396 3767 quia

292 3798 413 3881 septem
434 3812 532 3877 agnas
548 3790 733 3855 Abimeleoh
756 3789 794 3864 de
809 3808 905 3853 manu
920 3790 1066 3853 Abrahae
1083 3789 1251 3872 acceperit:
1276 3789 1395 3871 septem

362 3962 379 4015 3
397 3960 452 4009 oen
473 3956 514 4020 21,
534 3958 568 4011 14
583 3955 588 4025 ι
603 3956 620 4009 5
637 3957 690 4005 aen
708 3955 749 4017 21,
770 3955 884 4009 15—17
900 3954 905 4021 ι
922 3954 955 4008 15
974 3956 1029 4005 oen
1048 3956 1088 4017 17,
1107 3955 1142 4009 2ο
1158 3954 1162 4021 Ι
1178 3955 1212 4008 19
1230 3956 1284 4006 aen
1294 3954 1336 4016 21,
1346 3953 1394 4022 181

293 4047 328 4104 23
347 4049 402 4097 oen
418 4046 461 4129 pr,
478 4044 513 4098 22
529 4046 532 4111 Ι
548 4045 582 4097 er
601 4044 707 4107 (sensi,
724 4041 806 4096 3031
861 4124 864 4127 ἢ

361 4177 379 4231 4
396 4186 484 4225 manus
504 4175 585 4239 igitur
596 4176 648 4223 eius
667 4190 724 4223 erun
740 4173 848 4222 tradidit
855 4191 878 4241 φ
893 4174 898 4240 Ι
914 4174 947 4227 11
966 4171 1067 4237 paruuli
1075 4175 1119 4237 βγ,
1137 4170 1211 4234 pueri
1225 4188 1247 4238 φ
1263 4168 1267 4235 Ι
1283 4169 1317 4221 16
1333 4168 1396 4217 alio·

295 4266 338 4329 qni
356 4283 377 4333 φ
393 4263 398 4329 Ι
415 4260 447 4313 17
468 4261 590 4325 eiigitur
608 4280 629 4331 <p
652 4258 656 4327 Ι
679 4259 713 4314 23
731 4259 818 4323 'phicol
842 4277 873 4326 p,
902 4258 996 4325 phyeol
1013 4262 1044 4323 p,
1067 4254 1146 4306 flehnl
1164 4274 1186 4325 φ
1207 4256 1211 4324 Ι
1232 4255 1267 4308 24
1286 4258 1329 4305 loe
1347 4258 1398 4304 loco

255 4362 257 4365 ·
293 4349 402 4418 1121201φ
417 4346 421 4414 Ι
437 4345 471 4400 29
487 4348 636 4398 iurauerunt
653 4344 689 4395 ibi
709 4364 734 4414 y,
756 4346 793 4395 ibi
811 4346 956 4395 iurauerant
975 4341 1065 4429 ‹13131
1086 4357 1151 4408 quur
1169 4360 1192 4412 φ
