3125 5167
288 398 323 453 24

288 571 403 639 Esahol
434 574 467 636 et
492 570 579 637 Aner
608 571 798 637 Amorraeoa
834 575 928 657 atque
958 592 1124 658 germanos
1161 574 1261 639 soeios
1296 573 1428 641 iuissel

288 678 444 744 Abrahae.
1146 684 1151 693 '

378 784 419 847 Et
441 787 617 867 persecutae
638 788 681 847 erl
708 804 758 847 eos
786 804 878 867 usqae
908 784 988 848 Dan.
1041 782 1081 848 ad
1108 783 1275 851 Phoenicis
1296 784 1392 867 'oppi-

295 886 386 963 dum‚
410 886 491 970 quod
515 894 597 951 nune
621 888 743 951 Paneas
766 887 889 952 dieitur.
935 888 1005 953 Dan
1028 892 1134 954 autem
1155 908 1236 954 unus
1258 908 1276 953 o
1299 888 1394 954 lonti-

295 990 354 1056 bus
377 992 426 1055 est
447 991 597 1055 Iordanis.
643 1010 717 1055 nam
738 992 771 1057 et
792 992 873 1057 alter
895 996 1026 1058 ueeatur
1047 993 1112 1069 Ior,
1139 991 1221 1076 quod
1242 993 1430 1076 interpres

288 1099 376 1161 tatur
405 1097 553 1181 ῥεῖθρον,
594 1096 627 1161 id
656 1100 705 1161 est
732 1098 829 1163 riuus.
894 1098 1014 1163 duobus
1027 1182 1031 1191 .
1044 1118 1119 1183 ergo
1149 1098 1304 1175 fontibus,
1341 1098 1394 1182 qui

289 1198 374 1265 haud
393 1200 503 1284 procul
526 1218 545 1265 a
570 1219 603 1265 se
627 1199 760 1279 distant,
783 1202 815 1266 in
836 1220 936 1268 unum
958 1202 1093 1267 riuulum
1114 1203 1298 1281 foederatis,
1326 1204 1393 1266 lor-

290 1304 351 1369 dan
374 1303 400 1369 is
424 1303 568 1388 deinceps
589 1304 773 1387 appellatur.

377 1410 417 1471 Et
441 1410 637 1473 Melchisedec
665 1432 721 1473 roeo
748 1410 848 1474 Solem
872 1413 1005 1495 proludit
1026 1431 1136 1493 ponem
1167 1414 1336 1487 deinum,
1367 1416 1395 1474 et
1558 1470 1560 1488 ,

288 1518 351 1598 apae
373 1514 510 1577 sacerdos
528 1514 578 1576 dei
595 1517 720 1591 excelsi,
743 1521 771 1578 et
793 1516 943 1579 benedixit
965 1518 1000 1576 ei.
1046 1512 1119 1597 quia
1140 1514 1238 1578 semel
1260 1532 1448 1599 ephsau-10
1558 1503 1560 1514 ¹

240 1674 244 1681 .
289 1616 353 1681 lum
379 1620 522 1682 nostrum
551 1616 603 1682 uel
625 1619 843 1701 quaestionum
868 1617 1084 1683 hebraicarum
1107 1617 1159 1682 uel
1189 1619 1394 1684 traditionum

290 1721 496 1805 congregatio.
526 1725 589 1797 est,
624 1725 790 1807 propterea
822 1722 896 1806 quid
929 1722 1067 1787 Hebraei
1096 1722 1134 1787 de
1167 1723 1227 1786 hoe
1257 1722 1394 1787 sentiant

287 1823 466 1890 inieramus.
508 1826 596 1891 aiunt
615 1827 699 1891 hune
722 1846 789 1892 esse
811 1827 885 1893 Sem
908 1826 1006 1891 lilium
1028 1826 1112 1901 Noe,
1133 1828 1165 1889 et
1188 1827 1393 1910 supputantes

289 1948 387 1995 annos
419 1930 509 1994 uitae'
535 1929 632 2014 ipsius
662 1931 831 1996 ostendunt
853 1950 925 1995 eum
954 1930 994 1994 ad
1023 1931 1113 1995 Isaae
1141 1949 1240 2013 usque
1269 1930 1393 2008 uixisse,

290 2052 457 2117 omnesque
486 2034 710 2118 primogenitos
740 2036 824 2113 Nee,
866 2035 963 2100 donee
999 2033 1173 2112 sacerdotio
1209 2036 1393 2119 fungeretur
1412 2037 1448 2091 15
1558 2053 1559 2058 ¹

291 2138 413 2216 Aaron,
436 2138 531 2203 fuisse
554 2139 725 2221 pontifices.
776 2158 869 2226 porro
892 2140 997 2205 Salem
1020 2158 1072 2204 rer
1094 2138 1293 2204 Hierusalem
1316 2138 1393 2203 dioi-

290 2244 351 2320 tur‚
375 2262 453 2325 quae
473 2243 559 2328 prius
574 2241 678 2308 Salem
693 2243 918 2328 appellabatur.
965 2237 1176 2307 Melthisedeo
1191 2245 1297 2307 autem
1318 2243 1392 2307 bea-

210 2364 213 2367 ·
290 2349 342 2411 tus
362 2348 521 2430 apostolus
545 2348 583 2412 ad
596 2348 765 2425 Hebraeos,
785 2352 848 2412 erbe
866 2354 953 2433 patre
974 2354 1003 2411 et
1022 2354 1118 2412 maire
1138 2366 1393 2426 commemorans,

291 2450 330 2515 ed
353 2450 510 2516 Christum
540 2452 636 2516 refert
665 2454 697 2517 et
724 2471 780 2534 per
803 2453 959 2517 Christum
990 2451 1029 2517 ad
1058 2452 1197 2537 gentium
1229 2452 1393 2517 eeclesiam

290 2554 403 2637 (omnis
433 2556 516 2620 enim
546 2556 658 2638 eapitis
681 2555 782 2639 gloria
810 2557 945 2621 refertur
975 2557 1013 2622 ad
1045 2556 1199 2639 membra)
1230 2575 1282 2633 eo,
1311 2555 1393 2640 quod
1410 2572 1448 2625 20

288 2661 487 2743 praeputium
524 2661 643 2724 habens
673 2660 820 2725 Abrahae
859 2661 1052 2727 benedixerit
1084 2659 1266 2724 eireumoiso
1297 2662 1329 2724 et
1359 2660 1393 2724 in
1459 2710 1463 2714 ,

289 2763 448 2829 Abraham
468 2765 545 2829 Leui
573 2768 605 2829 et
626 2784 681 2847 per
709 2766 788 2830 Leui
807 2765 941 2843 Aaroni,
968 2764 1007 2829 de
1029 2783 1090 2847 quo
1111 2765 1221 2849 postea
1248 2763 1392 2829 sacerdo-

288 2866 382 2931 tium:
419 2888 455 2932 ex
489 2888 549 2951 quo
581 2868 688 2952 colligi
718 2869 791 2934 uult
823 2870 1034 2934 sacerdotium
1068 2867 1217 2932 eeclesiae
1249 2867 1393 2933 habentis

289 2972 486 3055 praeputium
528 2973 721 3039 benedixisse
759 2973 942 3038 oireumoiso
983 2971 1157 3039 sacerdotio
1202 2990 1390 3055 synagogae.

289 3076 371 3158 quod
402 3078 507 3141 autem
542 3078 587 3142 ait
616 3084 649 3141 lu
673 3100 703 3141 es
723 3080 861 3142 sacerdos
888 3082 928 3153 ab
950 3083 1100 3142 adernam
1128 3077 1288 3139 seeundum
1316 3076 1394 3138 ordi·
1410 3089 1449 3142 25
1559 3055 1560 3142 A

287 3202 353 3242 nem
392 3184 603 3259 Melehloadee,
659 3181 845 3266 mysterium
880 3184 1025 3246 nostrum
1066 3180 1100 3243 in
1142 3180 1240 3244 uerbo
1277 3176 1394 3243 ordinis

289 3283 500 3368 significatur,
534 3306 731 3369 nequaquam
758 3306 815 3370 per
837 3285 945 3350 Aaron
965 3283 1235 3350 inrationabilibus
1256 3283 1395 3361 uictimis

287 3388 504 3467 immolandis,
538 3378 592 3455 sed
622 3391 726 3456 oblato
755 3410 835 3475 pane
866 3392 897 3455 et
925 3391 1017 3467 uino,
1054 3389 1086 3453 id
1120 3389 1169 3452 est
1202 3407 1330 3472 eorpore
1362 3390 1394 3453 et

167 3495 169 3498 ’
290 3493 441 3579 sanguine
465 3493 582 3559 donnini
603 3498 683 3559 Iesu.

376 3599 505 3663 Domine
525 3600 605 3676 deus,
629 3601 701 3681 quid
718 3601 803 3662 dobr's
825 3598 920 3662 mibi?
963 3604 992 3661 ei
1012 3620 1064 3681 eye
1088 3598 1164 3662 uodo
1185 3601 1248 3661 sabe
1268 3600 1392 3660 lbere:
1410 3612 1450 3667 30

291 3707 319 3765 ot
349 3703 435 3781 filius
464 3706 566 3767 Museo
593 3705 771 3766 deludendos
806 3725 887 3766 meae
918 3705 967 3764 bie
997 3703 1167 3765 Donruaeus
1194 3703 1321 3764 Eliezer.
1367 3706 1395 3764 et

183 3802 190 3819 “
290 3806 370 3869 died
387 3806 599 3869 Abrom'Eeee
624 3810 775 3869 midioen
798 3808 908 3870 bellora·
927 3826 1037 3869 semea:
1062 3810 1091 3868 et
1103 3806 1195 3886 filius
1217 3807 1395 3869 maurae

289 3932 370 3974 made
395 3914 499 3973 haeres
528 3932 611 3973 meas
638 3915 703 3973 erit.
768 3910 823 3974 ubi
858 3928 914 3974 nos
943 3909 1093 3975 habemus
1122 3916 1151 3972 et
1170 3909 1262 3990 filius
1292 3911 1419 3971 Mosee'

325 4059 407 4112 seen
418 4058 458 4118 rr,
470 4057 503 4111 14
522 4056 525 4126 ι
545 4058 625 4111 seen
635 4057 718 4121 rara
728 4054 902 4126 repressor
913 4024 1024 4124 usias
1040 4056 1074 4107 Pe
1085 4052 1392 4124 hermessendis

359 4190 375 4241 6
396 4202 496 4239 aranon
514 4194 563 4256 βγ,
582 4206 690 4259 pre-porr
711 4207 732 4258 φ
752 4190 756 4254 1
778 4188 876 4241 'lheut
892 4195 917 4254 β,
935 4188 1003 4237 haud
1018 4205 1045 4254 y,
1066 4187 1117 4235 hau
1137 4186 1179 4255 ‹pl
1196 4185 1240 4246 7,8
1257 4186 1390 4235 Iordanis

289 4278 414 4341 lupardo,
433 4275 547 4327 iordanis
567 4282 609 4344 βγ,
628 4277 744 4327 iordanes
763 4295 785 4345 φ
801 4275 837 4340 19
856 4274 1039 4325 melchisedech
1058 4278 1095 4341 βγ
1109 4275 1114 4336 Ι
1129 4273 1146 4325 9
1163 4290 1241 4339 panes
1260 4269 1296 4341 epi
1310 4273 1342 4326 13
1352 4273 1392 4323 iu·

288 4362 397 4411 feramus
409 4366 453 4429 βγ,
465 4362 601 4413 inieramus
608 4382 629 4433 q>
644 4362 647 4433 i
663 4362 695 4417 15
707 4362 893 4428 primogenitos
905 4379 920 4411 a
931 4377 979 4411 noe
987 4379 1009 4431 ip
1024 4358 1027 4428 Ι
1042 4360 1076 4414 20
1088 4360 1179 4426 eapitis
1190 4365 1235 4427 ply,
1249 4359 1393 4430 eorporisrp
